3059 4492
727 459 877 552 Q..

276 619 401 686 940011.
442 625 497 684 Nil
518 626 627 684 mirum
652 634 682 685 et
702 627 822 700 iterum,
846 628 968 699 mulien
985 629 1135 704 eiularier‚

346 712 463 772 Orbata
482 711 535 768 tali
555 731 631 786 quae
653 713 743 770 modo
767 732 872 772 careas
891 713 964 772 viro.

346 796 418 855 Tec.
444 796 558 874 Opinio
583 797 622 854 ad
643 805 683 870 te,
708 817 819 857 sensus
843 799 882 856 ad
901 817 951 855 me
969 797 1109 874 pertinet.

346 880 401 940 Ch.
445 881 596 940 Fetemur.
773 884 777 890 ‘

345 967 418 1024 Tec.
441 965 469 1025 Ο
492 974 598 1044 gnater
621 967 703 1040 quod
721 987 779 1026 nos
794 967 1059 1026 -servitntis‘nunc
1082 976 1188 1026 manet
1266 1013 1270 1016 -

276 1045 328 1100 945
345 1051 472 1129 Iugum?
492 1052 640 1126 quibusve
663 1053 829 1129 premimur
850 1052 1081 1112 insessoribus?
1137 1113 1140 1116 ,

648 1136 676 1194 2.
699 1136 894 1213 Antiotropba
919 1137 948 1194 V

345 1219 398 1280 Ch.
438 1221 485 1279 Ah
508 1221 662 1298 gemindm
685 1222 769 1280 sensi

344 1306 391 1364 Te
412 1306 493 1363 facta
515 1305 628 1382 profari

343 1389 488 1450 Nefanda
508 1391 668 1465 imperato-

347 1494 427 1533 -rum
447 1475 647 1552 huic‘magno
668 1477 759 1536 malo.

347 1559 409 1620 Sed
432 1559 562 1635 repellat
583 1560 678 1620 Deus.

276 1633 329 1687 95⁰
347 1645 420 1702 Teo.
442 1644 516 1703 Non
538 1645 720 1704 accidissent
740 1648 816 1705 haec
838 1649 915 1709 Deis
935 1650 1121 1710 nolentibus.

348 1728 403 1789 ch.
447 1728 510 1790 Sed
531 1730 609 1787 mole
631 1731 756 1789 nimium
778 1753 835 1792 nos
859 1736 943 1812 gravi
965 1744 1106 1812 premunt
1126 1737 1210 1794 mali.

348 1815 421 1872 Tec.
445 1814 539 1873 Tales
559 1815 663 1874 ruinas
683 1825 764 1874 creta
787 1837 929 1896 supremo
951 1821 1025 1879 Iove

345 1900 484 1958 Minerva
503 1900 627 1976 Ulyssis
652 1920 745 1960 saeva
764 1904 888 1963 molitur
908 1906 1015 1964 sicem.

617 1987 646 2044 3.
670 1987 866 2065 Antiatropba
891 1991 982 2050 VIII.

348 2068 402 2128 Ch.
445 2069 544 2145 Quam
566 2071 657 2128 tacite
680 2091 782 2130 secum

344 2156 446 2212 Mente
470 2154 580 2214 dolosa
600 2156 647 2214 vir

344 2239 512 2313 chidens,
535 2241 714 2316 obstrepens

345 2323 522 2398 Cachinnat‚
544 2334 575 2382 et
595 2344 688 2402 super
707 2326 824 2384 domini

344 2409 453 2482 Euhie,
476 2411 628 2474 et,fur0re
651 2411 738 2470 ridet.
846 2409 847 2412 ’

349 2493 430 2567 Heu,
452 2496 527 2553 heu!

345 2579 424 2636 Tum
445 2588 544 2637 autem
567 2587 597 2637 et
611 2581 664 2638 ubi
682 2580 833 2638 audierint
852 2581 926 2636 haec

275 2661 329 2716 960
345 2662 448 2722 Duces
472 2665 531 2722 duo
555 2665 690 2722 Atridae.
1002 2710 1008 2723 .

346 2748 418 2806 Tec.
461 2749 554 2824 Atqui
576 2750 765 2822 cachinnent,
791 2749 908 2808 homini
930 2750 1078 2808 insultent
1097 2752 1199 2810 malis.

344 2834 496 2893 Fortassis
520 2842 559 2906 et,
585 2835 612 2892 si
634 2835 705 2894 vivo
727 2836 872 2894 honorem
892 2855 954 2893 non
975 2835 1096 2908 dabunt,

344 2918 476 2980 Flebunt
495 2927 684 2996 peremptum
703 2921 813 2978 Martio
836 2921 867 2978 in
891 2920 1074 2983 discrimine.

344 3003 475 3080 Nonque
494 3006 586 3063 homo
611 3005 734 3064 sinistra
756 3013 856 3063 mente
877 3023 1057 3082 possessum
1080 3007 1196 3065 bonum

277 3089 328 3144 965
345 3089 510 3164 Nunquam
534 3090 618 3167 prius
638 3091 810 3167 percipere,
839 3109 929 3164 quam
948 3091 1061 3163 amisit,
1084 3091 1175 3150 solet.

343 3177 426 3234 Mors
449 3176 514 3238 eius
538 3175 600 3232 illis
626 3175 750 3248 dulcior,
775 3176 895 3253 gravior
917 3176 1001 3248 mihi,

343 3261 412 3336 Ipsi
431 3261 549 3318 suavis:
578 3279 707 3335 namque
728 3261 820 3319 hebet
841 3279 970 3336 quornm
993 3269 1109 3319 arserat

345 3348 470 3417 Amore,
493 3353 629 3418 mortem,
652 3346 736 3404 cuius
755 3353 901 3421 expetens
923 3346 989 3402 fuit.

346 3429 400 3489 Ch.
443 3430 525 3504 Quid
545 3431 670 3488 veroin
693 3430 777 3488 iilum
795 3430 919 3489 riserint
939 3430 1076 3488 tantum?
1098 3449 1200 3508 nsque

275 3513 328 3567 970
347 3515 497 3574 Occubnit
513 3514 575 3573 illis
597 3515 666 3573 ille:
690 3535 764 3573 non:
788 3535 890 3573 verum
913 3515 1000 3573 Deis.

344 3599 393 3658 Ad
415 3600 490 3656 haec
513 3598 643 3674 Ulysses
663 3619 821 3676 perperam
842 3619 915 3678 ergo
936 3600 1041 3658 rideat.

344 3683 460 3742 Iudicio
480 3703 584 3742 eorum
606 3685 695 3760 periit
713 3686 811 3748 Aiax:
835 3693 865 3743 at
885 3705 954 3745 meo
