3059 4492
768 471 830 530 272

347 639 444 716 t(35)
622 635 719 716 Λῆξον
732 632 834 719 Ἔρως
853 636 989 718 κραδίης.

305 765 307 772 κ
346 723 404 784 cor
426 724 524 784 solum
546 732 576 782 et
594 724 677 782 iecur
700 724 847 800 excipias.
867 724 898 781 in
920 732 1040 789 caetera
1059 728 1208 799 membra,

386 812 465 868 Acer
481 813 582 880 Amor,
604 809 696 868 aivis
717 809 835 868 mittere
857 809 928 882 tela,
949 810 1030 868 licet.

347 973 446 1056 Clssd)
687 967 803 1042 Ἕλκος
826 971 901 1057 ἔχω.

344 1062 401 1121 Est
424 1063 497 1122 mihi
517 1062 625 1122 vulnus
646 1064 751 1120 Amor.
780 1061 883 1123 sanies
905 1061 979 1120 mibi
998 1072 1102 1122 manat
1120 1065 1158 1123 ab
1181 1065 1241 1126 illo
1264 1073 1272 1126 ζ
1352 1082 1353 1085 ’

387 1148 537 1220 Lacrima,
561 1147 740 1204 inexhausto
767 1148 857 1223 culpa
872 1147 990 1223 liquore
1011 1149 1122 1207 madet.

345 1233 511 1310 Respirare
531 1231 643 1290 malum
663 1250 719 1289 uec
740 1251 789 1289 me
810 1232 902 1290 sinit:
922 1232 990 1308 ipse
1011 1235 1162 1293 Machaon

386 1318 524 1375 Membra
546 1316 703 1375 salutifera
727 1335 783 1374 nec
803 1317 876 1374 mihi
898 1317 1010 1374 mulcet
1031 1337 1098 1394 ope.

345 1402 499 1478 Telephus
522 1420 591 1460 esse
613 1401 694 1472 volo,
714 1408 746 1457 tu
770 1402 813 1460 sis
834 1402 907 1459 mihi
928 1403 1007 1461 fidus
1028 1402 1175 1462 Achilles.

387 1485 509 1559 Curam,
531 1485 649 1568 laesisti
670 1504 747 1559 quae
768 1486 865 1562 prius,
886 1487 955 1562 ipsa
974 1486 1052 1545 leva.

346 1656 441 1731 cat)
617 1646 694 1712 Εἰπὲ
715 1649 771 1712 τίνι
792 1649 912 1720 πλέξεις
932 1649 986 1714 ἔτι.

344 1739 403 1798 Die
426 1739 474 1797 oui
495 1738 662 1814 dispositos
682 1757 832 1815 properes
856 1759 965 1796 ornare
986 1739 1141 1816 capillos?

387 1823 443 1883 Oui
465 1842 569 1883 curare
592 1841 719 1900 ungues,
741 1823 789 1882 cui
816 1825 944 1882 nitidare
964 1825 1094 1888 manus?

345 1908 401 1968 Cui
425 1908 499 1968 colis
522 1909 655 1966 excoctis
677 1909 827 1986 conchylii
847 1909 943 1984 pallia
966 1910 1063 1968 succis

386 1994 489 2066 Ebria,
511 1994 646 2052 formosa
666 2000 727 2050 tam
749 1993 858 2070 procul
876 2013 895 2051 a
916 1994 1085 2070 Rhodope?

343 2079 437 2153 Queis
461 2079 557 2138 oculis
579 2097 647 2136 mea
667 2086 698 2135 te
719 2078 865 2154 Rhodope
884 2098 947 2137 non
971 2079 1136 2154 conspicor,
1159 2079 1223 2138 illis

384 2165 540 2241 Usurpare
563 2164 642 2221 diem
665 2183 727 2220 non
751 2182 809 2240 ego
829 2181 924 2238 posse
943 2171 1053 2238 putem.

345 2331 441 2410 [(38)
596 2325 658 2409 Τὴν
685 2325 802 2412 Νιόβην
819 2327 998 2392 κλαίουσαν.

343 2416 480 2476 Flentem
504 2416 574 2474 olim
598 2415 722 2474 Nioben
746 2416 956 2493 contemplans
978 2419 1058 2478 forte
1079 2419 1227 2478 bubulcus

387 2501 563 2576 Obstupuit,
587 2509 690 2577 posset
711 2501 738 2559 si
760 2501 918 2559 lacrimare
938 2501 1029 2565 silex.

345 2584 456 2644 Contra
476 2594 538 2643 tam
556 2585 668 2662 longae
691 2605 841 2662 gemerem
864 2587 915 2660 qui
942 2587 1041 2648 noctis
1061 2588 1093 2647 in
1114 2589 1230 2660 umbra,

385 2671 522 2746 Euippae
544 2671 630 2728 vivus
653 2690 711 2728 non
732 2670 812 2746 lapis
836 2671 975 2730 indoluit.

343 2754 410 2814 Hoc
431 2755 503 2812 facit
523 2773 592 2814 acer
613 2757 716 2827 Amor,
739 2775 840 2814 curam
863 2757 992 2832 partitus
1014 2757 1146 2832 utrique:

293 2892 300 2914 ,
385 2840 424 2898 Et
442 2838 561 2897 Niobae
585 2859 603 2896 a
626 2839 717 2913 natis,
741 2842 867 2900 etmihi
890 2843 928 2900 ab
952 2843 1022 2918 igne
1042 2861 1121 2901 meo.

346 3007 442 3091 (tte)
591 3003 717 3090 Χρυσῆς
740 3007 908 3091 εἰρύσσασα
929 3008 1009 3090 μίαν.

342 3098 474 3172 Legerat
493 3093 619 3151 aureolo
639 3093 729 3153 Doris
753 3095 790 3153 de
814 3096 896 3153 crine
915 3095 1067 3172 capillum,

385 3181 435 3238 Ex
456 3179 511 3238 illo
531 3180 650 3254 palmas
671 3179 769 3239 vinxit
789 3188 932 3254 utrasque
955 3181 1038 3237 mihi.

343 3265 411 3325 Risi
435 3264 572 3339 equidem
591 3265 698 3339 primo.
722 3266 821 3324 nodos
845 3266 919 3322 mihi
944 3266 1071 3324 Doridis
1091 3266 1161 3325 illos

385 3349 477 3408 Visus
501 3357 566 3406 erat
588 3349 685 3408 facilis
708 3349 828 3408 solvere
848 3366 941 3424 posse
962 3351 1060 3408 labor.

343 3435 415 3492 Mox
432 3434 543 3510 gemui,
563 3442 721 3510 postquam
740 3454 802 3493 non
821 3435 889 3510 rupi
908 3435 1040 3507 vincula,
1061 3443 1204 3511 tanquam

385 3521 477 3576 Artus
501 3518 675 3578 strinxisset
697 3520 772 3578 dura
795 3528 902 3578 catena
923 3539 1017 3579 meos.

343 3603 383 3660 Et
401 3620 480 3658 nunc
500 3602 608 3660 infelix
631 3623 690 3660 uuo
712 3612 799 3679 aptus
818 3604 913 3677 crine,
934 3604 1067 3678 potentis

386 3685 519 3760 Imperio
541 3685 704 3760 Dominae,
727 3707 786 3762 quo
806 3688 897 3747 trahit
919 3687 985 3761 illa,
1005 3707 1125 3762 sequor.
