3059 4492
652 456 803 552 35³⁷-

560 619 607 703 Νὴ
632 623 686 704 τὴν
709 623 892 705 νηξαμὲναν.
1087 627 1183 704 ζ(10)

268 710 323 773 Sic
347 711 421 768 mihi
442 710 581 768 caeruleo
603 711 707 768 faveat
725 711 829 769 Venus
851 718 916 768 orta
934 711 1098 788 profundo,

312 797 356 856 Ut
377 795 477 872 mollis
499 794 585 856 molli
606 797 744 883 proditur
765 815 816 854 ore
837 815 904 855 suo.

548 957 652 1028 Ἐντὸς
671 961 748 1042 ἐμῆς
766 961 901 1044 κραδίης.
1086 969 1184 1044 ζ(11)

267 1049 316 1108 Te
341 1049 452 1106 dudum
474 1049 555 1107 vitae
575 1049 678 1121 vitam,
703 1049 879 1110 doctissima
899 1051 983 1108 fandi

312 1133 495 1206 Heliodora,
519 1151 585 1192 meo
604 1141 728 1210 pectore
750 1135 877 1210 sculpsit
896 1137 1000 1194 Amor.

581 1296 706 1364 Βοίδιον
729 1298 882 1382 αὐλητρίς,
1086 1301 1183 1386 ζ(12)

268 1387 298 1448 Ο
320 1386 437 1460 Venus,
461 1387 614 1460 emeritae,
635 1388 759 1445 tibicina
780 1387 920 1448 Boedion
943 1397 1032 1463 atque

311 1471 452 1548 Pythias,
477 1472 532 1530 has
554 1491 660 1545 zonas,
687 1473 743 1530 has
766 1474 946 1548 tabulasque
966 1475 1032 1533 tibi.

265 1557 398 1616 Institor
419 1565 449 1614 et
472 1565 631 1630 mercator,
656 1565 685 1614 et
707 1558 788 1615 unde
810 1559 885 1618 haee
906 1560 1038 1636 cingula,
1060 1568 1091 1617 et
1103 1559 1183 1618 unde

311 1640 380 1700 Hae
401 1642 534 1715 tabulae,
557 1643 657 1720 potnit
676 1643 753 1700 seire
775 1661 920 1702 crumena
938 1652 1001 1702 tua.

546 1806 739 1871 Ἀνθοδίαιτε
762 1804 902 1890 μέλισσα.
1086 1813 1103 1880 ζ
1112 1813 1183 1889 (13)

268 1893 389 1954 Cnltrix
409 1896 493 1954 floris
515 1897 593 1972 apis,
617 1915 668 1954 cur
687 1897 803 1956 artibus
826 1897 1013 1955 Heliodorae

309 1981 466 2053 Insidens,
490 1990 578 2040 natas
600 2001 671 2040 vere
692 1982 841 2056 relinquis
859 1981 959 2059 opes?

266 2067 356 2125 Anne
379 2067 439 2124 hoe
464 2067 628 2143 significas,
651 2068 732 2142 quod
753 2067 854 2124 dulcia
875 2066 958 2125 fellis
983 2066 1078 2122 amari

311 2149 409 2210 Corde
430 2152 485 2208 sub
504 2152 599 2210 infido
620 2153 736 2228 spicula
755 2152 880 2211 Amoris
905 2150 1019 2208 habet?

266 2237 357 2294 Anne
384 2237 439 2294 hoe
463 2236 637 2313 significas?
662 2239 719 2296 hoe
740 2238 784 2296 sie
807 2244 864 2308 est,
886 2243 1024 2310 utputo,
1051 2235 1095 2293 sia
1115 2242 1162 2294 est

309 2319 387 2380 Hoc.
411 2321 465 2380 sed
487 2322 546 2380 abi.
566 2323 627 2380 iam
651 2331 699 2382 sat
719 2323 859 2382 novimus
881 2321 971 2380 istud.
995 2320 1055 2378 abi.

504 2483 565 2548 Καὶ
586 2489 657 2570 πυρὶ
680 2489 730 2549 καὶ
751 2491 866 2567 νιφετῷ
888 2510 936 2568 με.
1085 2489 1182 2565 cm)

267 2575 317 2632 Me
341 2575 424 2646 nive,
448 2594 495 2632 me
519 2576 660 2650 flammis,
682 2595 731 2634 me
753 2575 889 2634 fulminis
911 2576 982 2652 igne
1001 2575 1141 2634 lacesset

308 2658 371 2716 Per
391 2659 472 2736 iuga,
494 2680 550 2736 per
568 2661 648 2718 freta
668 2681 726 2732 me,
756 2661 784 2720 si
802 2660 897 2733 lubet,
921 2661 984 2718 alta
1003 2661 1098 2718 trahe.

267 2741 336 2801 Non
357 2744 477 2816 vinear3
499 2765 568 2802 narn
592 2747 644 2824 qui
664 2746 770 2822 rapido
791 2753 922 2804 torretur
940 2766 1054 2818 amore,

308 2827 380 2887 Non
400 2837 490 2904 queat
513 2830 638 2904 infesto,
660 2851 727 2889 eum
749 2838 847 2903 tonat,
868 2832 938 2909 igne
960 2831 1032 2907 peti.

675 2918 778 2974 Aliter.
991 2931 996 2938 ’

266 3001 315 3058 Me
338 2999 421 3071 nive,
441 3017 489 3056 me
511 3000 643 3073 flamma,
663 3021 723 3073 me,
746 3001 773 3059 si
795 3000 880 3071 libet,
901 3000 1015 3075 impete
1036 3017 1122 3058 sacro

307 3084 459 3143 Fulmina.
483 3103 715 3161 perpraeceps,
740 3105 797 3162 per
819 3085 916 3142 maria
935 3084 998 3141 alta
1016 3103 1098 3159 rape.

266 3169 451 3246 Depositam
474 3169 565 3241 euris,
589 3171 794 3244 domitumque
820 3168 970 3245 Cupidine
991 3187 1083 3226 saeve

306 3255 447 3314 Flamma
469 3272 563 3312 neca
583 3274 699 3314 summo
723 3255 820 3314 missa
842 3255 984 3319 Tonante
1006 3253 1112 3330 quatit.

520 3415 562 3480 Τὸ
585 3420 701 3504 σκύφος
720 3418 780 3501 ἡδὺ
804 3419 927 3500 γέγηθε.
1086 3421 1102 3487 ζ
1111 3421 1182 3498 (15)

268 3506 367 3569 Suave
384 3509 513 3579 renidet,
544 3516 574 3566 et
592 3509 651 3567 hoo
672 3529 734 3566 uno
753 3527 787 3566 se
809 3507 932 3566 nomine
952 3506 1054 3578 iactat,

308 3594 479 3669 Zenophile
498 3591 634 3651 admovit·
650 3594 728 3670 quod
749 3593 808 3651 sibi
829 3592 927 3664 labra,
951 3591 1041 3648 calix.

269 3678 295 3738 O
321 3680 349 3738 si
371 3679 483 3737 ductim
506 3679 639 3736 animam
658 3687 796 3738 nostram
817 3677 909 3736 simnl
930 3676 1031 3735 ebibat
1052 3676 1132 3752 ipsa,
