3059 4492
772 476 835 536 200

348 641 427 716 Ζεὺς
447 642 742 727 δ’ἀπαμειβόμενος
755 665 815 727 μιν,
839 641 901 724 ἐγὼ
915 642 990 726 φῆσ’
1007 639 1064 703 οὐκ
1079 640 1263 723 άποκροόω,

392 729 519 814 φιλτατε
538 731 604 803 παῖ,
623 726 676 795 τὰς
696 727 760 804 σὰς,
784 728 858 791 αὐτὸ
884 726 919 789 δὲ
941 729 1077 809 πρᾶγμα,
1100 725 1194 793 λιτάς.

348 814 517 898 νηρίθμους
538 813 731 896 θεράποντας
753 811 821 896 ἔχει
847 812 893 874 σοὶ
913 807 1034 893 Καῖσαρ
1057 809 1194 892 ὁμοίους.

391 900 443 961 καὶ
462 895 551 961 τόσον
576 896 612 959 οὐ
635 897 715 981 χάδε
738 895 821 980 δῶμ’
847 895 977 979 ἄρρενας
1000 892 1151 962 ἰσοθέους.

349 981 418 1047 ἀλλ’
446 981 483 1064 ἤν
508 980 538 1043 ε’
558 980 656 1064 ἄνδρα
677 979 758 1064 κόμη
782 985 858 1063 ποιῇ
880 978 1035 1063 τμηθεῖσα
1057 976 1187 1058 τέλειον,

390 1067 434 1135 τίς
452 1064 488 1128 δέ
510 1088 562 1148 μοι
585 1065 619 1127 ἐκ
639 1065 755 1128 τούτων
778 1063 902 1128 ἔσσεται
922 1061 1080 1148 οἰνοχόος;

350 1237 379 1310 9,
389 1237 439 1297 56.
461 1230 619 1316 Καίσαρος
636 1231 815 1317 ὁπλοφόρος
827 1231 948 1318 Λιβόων
962 1231 1128 1314 ἐπαφίκετο
1143 1231 1265 1314 δήμους

396 1316 626 1401 Σπενδοφόρος.
650 1313 696 1380 Τὰ
717 1315 758 1392 δ’,
778 1314 890 1400 Ἔρως,
912 1317 998 1378 παιδὶ
1022 1314 1223 1398 δοθησόμενα

351 1401 418 1464 οἶσε
441 1400 528 1487 βέλη,
552 1400 684 1482 κούρους
705 1401 751 1468 οἷς
771 1404 905 1486 βάλλεις,
925 1401 971 1469 οἷς
994 1399 1067 1482 σόγε
1086 1401 1213 1484 κούρας.

393 1487 529 1569 δείιτερὴ
553 1485 585 1548 δ’
608 1483 708 1568 ἔμπης
728 1485 821 1570 ἔγχος
844 1487 979 1569 ἐλαφρόν
1003 1483 1080 1568 ἔχοι.
1127 1544 1129 1548 .

350 1571 476 1647 ἀσπίδα,
498 1572 550 1633 καὶ
572 1569 694 1675 κυνέην,
714 1573 765 1634 καὶ
790 1593 839 1632 σοι
859 1568 983 1654 θώρηκ’
1007 1570 1121 1674 ἀνίημι.

393 1654 613 1739 εἰμαχέσαιτο
636 1677 727 1737 μονον
751 1657 874 1738 γυμνὸς,
897 1654 1033 1739 ἄτρωτος
1053 1674 1109 1742 εομ.

350 1739 450 1824 λόγχη
472 1739 498 1801 δ’
523 1738 560 1800 οὐ
582 1736 705 1823 βέβλητ’
730 1739 801 1803 οότε
825 1740 914 1824 ξίφει,
936 1738 1007 1802 οὔτε
1025 1736 1176 1823 βελέμνῳ,

392 1824 506 1906 γυμνὸς
527 1823 589 1890 έιυς
609 1823 742 1906 κόρυθος
764 1824 1002 1908 Παρθενοπαῖος
1026 1821 1090 1906 ἔην.

349 1912 409 1976 πᾶς
430 1906 540 1970 τούτου
565 1907 705 1992 βελέεσσι
723 1910 831 1993 παρεὶς
853 1908 903 1971 ὑπ’
928 1906 1043 1992 ἔρωτος
1064 1907 1192 1968 ὀλεῖται.

393 1991 561 2075 εὐδαίμων,
582 1992 666 2075 τοίης
686 1995 781 2079 κηρὸς
803 1994 836 2056 δν
860 1993 933 2056 αἶσα
957 1991 1051 2076 μένει.

351 2078 464 2153 νίσσεο,
489 2075 585 2162 μέσφ’
598 2075 628 2139 εἴ
646 2081 728 2155 παῖς,
750 2078 848 2163 μέσφ’
863 2075 972 2141 ἔπλετο
990 2077 1071 2161 θῆλυ
1082 2074 1265 2158 πρόσωπον.

395 2163 430 2245 σὴ
452 2157 562 2245 Ῥώμη
584 2161 686 2224 τελέοι
711 2163 741 2225 σ’
761 2163 869 2247 ἄνδρα,
888 2163 940 2225 καὶ
960 2162 996 2224 οδ
1019 2158 1129 2243 Λιβόη.

351 2333 380 2406 5,
389 2332 439 2392 48.
463 2329 514 2392 καὶ
535 2331 565 2392 τί
578 2327 657 2412 ἔρως
671 2331 706 2393 οὐ
723 2329 826 2394 ἔπεισε
833 2355 843 2408 ;
863 2331 961 2414 κόμην
976 2329 1121 2395 ἀέκοντος
1134 2325 1268 2396 ἄνακτος
1378 2378 1379 2387 ,

393 2414 516 2476 κείατο
540 2410 712 2496 Εόκολπος,
736 2417 778 2500 μὴ
799 2415 832 2478 δ’
857 2415 1017 2499 έρόκοντος
1034 2414 1129 2497 όμιυς.

336 2497 414 2569 ,εἶξε
438 2437 552 2580 θόδης,
572 2500 623 2561 καὶ
637 2497 775 2564 ἔκλαυσ’.
798 2501 879 2564 οὕτω
901 2500 1087 2583 κατάφωρος
1098 2495 1269 2580 Ἀχιλλεὺς

396 2583 520 2663 ξανθὴν,
543 2582 722 2667 ἀχθομένης
744 2587 867 2668 μητρός,
891 2583 1015 2669 ἔθρισσε
1036 2582 1144 2665 κόμην.

352 2661 544 2770 τοῖος”Υλας
566 2667 715 2774 ἥρπακτο,
740 2671 777 2732 τά
798 2669 832 2731 θ’
855 2669 927 2773 ἡνία
948 2671 1032 2735 τοῖος
1052 2667 1155 2770 ἀφῆκε

352 2754 1151 2922 &53⁹5OEssfflssfflssfflfflssssssssffflssv.

395 2918 465 2983 ἔλθ’
490 2917 666 3002 εὐεργεσίης
688 2921 721 2983 δ’
743 2922 855 3007 ὄψιμος
875 2923 939 2985 ἀντὶ
959 2921 1061 3003 τόσης.

351 3094 380 3166 4,
388 3092 438 3151 45.
463 3088 511 3149 σοὶ
530 3087 595 3150 τόδ’
614 3089 689 3175 ὑπὲρ
712 3090 820 3154 τέκνου
837 3096 934 3175 μεστῇ
947 3089 1132 3175 λιβανωτίδι,
1154 3089 1269 3174 Φοῖβε,

394 3171 566 3256 Παρθένιος
589 3175 706 3238 δίδοται
728 3177 840 3260 δῶρον,
864 3175 1083 3259 ἐπευχόμενος,

352 3257 427 3344 ὄφρ’
452 3259 468 3320 ό
491 3260 525 3320 τὸ
550 3261 708 3342 τετραετὲς
729 3259 859 3344 πέμπτιρ
879 3261 1047 3345 λυκάβαντι
1068 3259 1239 3343 χαράσσων

394 3342 563 3426 νηρίθμους
579 3344 690 3428 τελέση
714 3341 858 3428 Βοῦρρος
874 3341 1095 3427 Ὀλυμπιάδας.

351 3432 446 3534 κυροῡ
469 3429 521 3510 τὴν
543 3428 648 3534 εδχην.
678 3429 780 3534 οὕτως
798 3430 832 3491 τὸ
854 3429 922 3490 τεδν
943 3433 997 3535 φεῦ
1019 3427 1146 3511 δένδρον
1169 3425 1268 3512 ἐριβη,

353 3534 414 3658 ..εί
431 3534 467 3657 g?
486 3513 837 3679 ξόὲζλλθέηθαθλῗθό
857 3513 1132 3680 ἶῗζιῗθιρκιιω

393 3673 519 3762 Βάκχος
540 3679 584 3742 ἐνὶ
604 3683 785 3764 πλοκάμοις,
806 3681 845 3766 ἠέ
866 3681 916 3758 σὺ,
942 3680 1153 3766 μακροτέροις.
