3059 4492
639 483 790 578 -Ψ-

260 651 444 709 Trebenteru
467 651 504 708 eb
526 653 629 710 Aescu
651 661 742 730 etque
761 654 877 714 Perseo
899 674 1007 732 genus,

258 742 286 796 Α
305 735 469 795 Temeneis
490 756 549 794 non
569 737 674 812 procul
693 739 854 799 natalibus.

259 820 321 883 Sed
343 829 493 880 mortuum
514 821 597 879 illum
618 823 718 900 Perge
740 843 828 882 mons
849 823 1036 900 Tyrrbeuius

258 907 293 964 Iu
314 905 491 983 Gortyneeo
513 908 619 965 condet
640 909 776 969 ustrinae
796 909 900 967 situm:

259 990 333 1054 (lum
353 991 553 1050 lacrumanter
573 993 689 1050 occidet
711 1002 834 1068 propter
852 995 962 1051 malum

257 1076 391 1150 Natique
412 1077 621 1154 coniugisque,
643 1096 729 1152 quem
750 1079 845 1136 frater
865 1096 977 1136 neeeus

259 1161 372 1222 Orcum
396 1162 546 1220 secundus
567 1171 707 1236 postuma
729 1163 780 1219 via
799 1171 892 1238 petet,

258 1245 376 1305 Caesus
400 1247 515 1304 sororis
537 1265 610 1304 ense
631 1247 753 1306 lunesto
774 1248 886 1324 gulam,

259 1331 427 1390 Gleucouis
448 1331 630 1410 Absyrtiqup
655 1333 797 1390 sobrinae
817 1333 982 1408 improbae.

258 1416 318 1474 Hic
340 1423 387 1473 tot
408 1416 503 1477 ruinis
524 1423 624 1492 totque
646 1417 814 1475 cumulatus
834 1419 933 1490 malis,

259 1499 401 1561 Secundo
424 1501 518 1560 adibit
539 1501 641 1560 Ditem
665 1502 891 1576 inexorabilem,

258 1585 315 1645 Cui
335 1585 437 1644 nullus
460 1605 588 1660 unquam
612 1588 706 1646 sudus
726 1588 827 1646 arrisit
846 1589 921 1647 dies.

258 1671 397 1747 Oquam
421 1670 475 1728 tibi
498 1673 670 1746 praestabat
693 1691 762 1732 esse
782 1672 814 1730 iu
838 1674 944 1748 petris,

209 1829 215 1839 ἡ
257 1756 389 1828 Miselle,
413 1764 512 1814 tauros
536 1757 585 1814 vel
606 1757 746 1815 colonum
770 1758 882 1816 rustico

257 1841 366 1919 lugere
388 1841 513 1898 asellum
538 1843 594 1899 sub
616 1843 694 1901 coho
717 1843 933 1915 cantherium,

257 1927 351 1985 Fictis
372 1926 481 1984 furoris
501 1925 700 1986 insolescenti
719 1927 806 2001 dolis,

258 2011 356 2087 Quam
377 2019 424 2069 tot
443 2010 545 2070 subire
565 2012 697 2070 luctuum
720 2011 903 2070 discrimine.

256 2102 297 2156 At
320 2097 428 2154 anxius
449 2096 496 2154 vir
519 2097 678 2174 coniugem
700 2105 814 2172 raptum
837 2104 993 2171 expetens.

256 2183 296 2240 Et
317 2181 474 2258 augurales
496 2182 628 2240 ominum
647 2182 773 2240 audieus
793 2189 894 2254 notus,

257 2271 371 2326 Amore
390 2267 500 2342 speetri
520 2267 710 2344 pervagantis
732 2268 856 2325 aethera

257 2351 341 2425 Quae
363 2372 425 2410 nou
447 2352 560 2411 murina
581 2353 692 2427 templs
713 2351 960 2427 perscrutabitur,

257 2435 342 2510 Quae
363 2457 425 2495 uon
445 2456 520 2514 vagu
540 2437 680 2496 lustrabit
701 2456 772 2496 arva
793 2436 948 2512 iudegiue.

256 2522 361 2580 Primo
383 2522 502 2597 quidem
523 2522 700 2599 Typhcuios
724 2531 826 2579 cernet
846 2540 966 2596 specus,

256 2612 417 2683 Anumque
438 2625 513 2665 sexo
536 2609 668 2665 membre
693 2607 828 2668 duratum
853 2625 975 2682 aspero,

257 2692 324 2750 Nee
346 2712 409 2750 non
427 2691 588 2750 Erembum
608 2692 742 2770 cognitas
768 2692 933 2766 pisentibus

256 2777 356 2853 Ripas
378 2777 515 2835 hiantes:
543 2787 631 2852 atque
654 2777 809 2835 adulterae
831 2775 976 2853 inclytum

257 2862 402 2938 Myrrhae
423 2862 537 2919 videbit
559 2863 711 2939 oppidum,
735 2864 820 2922 cuius
841 2870 956 2920 uterum

256 2947 384 3005 Levavit
407 2947 577 3006 obstetricis
599 2949 717 3006 arboris
739 2948 830 3006 liber:

256 3033 297 3091 Et
319 3033 389 3090 fleta
412 3031 537 3098 multum
559 3035 649 3092 busta
671 3032 820 3090 Gauautis
843 3048 915 3089 suec

257 3118 372 3189 Herae,
392 3115 549 3193 Hospitsli
571 3118 706 3193 Vici[a]e
727 3118 820 3193 Iugae
840 3115 931 3172 deae:

257 3201 355 3275 Quem
374 3210 443 3258 trux
463 3203 579 3276 bisetus
602 3204 690 3261 deute
712 3221 788 3259 ceno
809 3198 966 3258 conscidit.

256 3291 353 3346 Arces
373 3287 487 3344 videbit
507 3307 562 3345 nec
586 3289 685 3346 miuus
709 3285 890 3362 Cepheides,

256 3371 324 3430 Nee
346 3391 409 3430 nou
431 3370 549 3430 Camilli
567 3374 714 3432 lubricum
733 3371 854 3446 pulsum
877 3367 977 3443 pedis,

257 3461 395 3530 Arasquc
416 3457 562 3532 duplices,
583 3478 658 3535 quas
681 3457 768 3532 dapis
792 3453 931 3530 cupidine

256 3541 355 3601 Buces
377 3541 498 3614 subivit,
521 3563 575 3618 pro
600 3551 702 3618 parata
721 3540 837 3616 virgine

255 3627 371 3686 Hiaute
393 3627 479 3684 leuce
501 3646 610 3703 corpus
630 3627 804 3703 Aurigeuae
824 3640 950 3695 vorens,

256 3712 410 3772 Rimantis
434 3721 515 3784 exte,
537 3713 675 3786 masculi,
696 3708 945 3854 plumigruduc.²3
