3059 4492
731 475 881 571 Δί*

348 646 497 718 Dousius,
517 646 634 722 accepit
654 663 769 724 gens-a
788 663 846 720 quo
867 643 983 704 Dousia
1005 659 1127 719 nomen,

391 731 433 790 Et
452 747 539 807 gens,
562 742 594 788 et
613 731 724 790 veteris
745 731 844 808 gentis
867 730 947 787 avita
968 729 1087 789 domus.

349 815 464 876 Cuncta
487 817 590 873 favent
608 816 753 886 lacrimis,
774 815 933 890 sociosque
954 815 986 871 in
1007 814 1105 876 tristis
1128 825 1237 877 nostra

393 898 595 962 contribuunt
614 901 702 959 fletus
724 901 855 957 faemina
876 899 1086 974 virque-suos.

349 988 389 1047 Et
410 986 517 1061 quibus
541 987 702 1045 exstiteras
720 984 813 1044 vultu»
825 977 873 1042 vel
893 985 1017 1043 nomina
1038 993 1140 1060 notus,

393 1071 543 1130 Omnibus
561 1071 703 1148 indignus
725 1070 875 1127 contrahi-t
896 1089 948 1128 ora
965 1070 1058 1147 rigor.

349 1157 407 1216 Ille
429 1156 523 1214 refert
544 1155 625 1214 culto
649 1154 749 1232 largas
771 1155 802 1212 in
825 1163 947 1230 pectore
969 1154 1068 1214 dotes.

391 1241 482 1299 Hunc
503 1241 604 1317 tangit
619 1241 769 1316 probitas,
791 1248 820 1296 et
844 1239 911 1298 sine
932 1237 1000 1296 labe
1021 1240 1108 1300 tides.

349 1327 483 1386 Exactos
507 1325 584 1384 aliua
606 1341 756 1402 generoso
780 1325 898 1400 pumice
921 1341 1038 1396 versus,

391 1410 478 1468 Alter
499 1411 655 1468 convictus·
677 1409 777 1467 dulcia
798 1410 932 1468 membra
951 1411 1003 1467 tui.

350 1493 492 1570 Quotque
515 1496 558 1552 tui
579 1495 678 1552 meriti
698 1502 799 1571 partes
823 1496 852 1550 in
874 1502 974 1551 mente
994 1497 1131 1569 revolvit,

393 1579 458 1638 Tot
478 1580 549 1639 insti
575 1597 682 1639 causas
699 1580 757 1636 ille
774 1579 882 1638 doloris
905 1579 1004 1637 habet.

350 1668 410 1725 Ast
428 1684 483 1742 ego
503 1672 665 1747 convertor
683 1664 776 1722 facies
797 1664 934 1722 diversus
957 1665 989 1721 in
1010 1683 1129 1738 omnes,

394 1749 481 1809 Unde
505 1750 564 1808 mei
583 1748 692 1808 dubius
713 1749 853 1807 carminis
877 1761 952 1808 ots‘a
967 1759 1079 1826 petam,

349 1833 431 1892 Dum
453 1834 680 1909 quotvirtutum
698 1834 791 1892 luerit
810 1834 865 1891 tibi
887 1836 985 1910 copia,
1009 1851 1123 1912 promo,

392 1917 476 1992 Quot
490 1920 613 1992 fuerint,
635 1919 667 1976 in
690 1928 720 1976 te
746 1933 825 1995 quaa
845 1920 945 1978 sciere
965 1921 1054 1978 bona.

350 2003 432 2066 Hinc
453 2024 502 2062 me
520 2004 672 2077 nobilitas,
692 2005 765 2062 ltine
781 2017 829 2062 me
849 2013 910 2076 tua,
934 2017 1050 2063 summe
1067 2003 1215 2077 'visorum

392 2089 514 2163 Vixtum·
535 2098 565 2147 et
582 2091 731 2166 probitas,
753 2098 783 2147 et
804 2090 856 2166 pia
875 2089 937 2148 ulta
956 2090 1043 2167 rapit.

349 2174 430 2234 Nam
454 2171 510 2233 tibi
530 2189 607 2249 quae
626 2167 756 2234 sublime
777 2187 876 2252 genus
897 2183 1004 2232 nature
1025 2181 1140 2252 creato,

393 2259 480 2317 Haec
498 2260 603 2317 eadem
626 2274 728 2318 mores
747 2260 966 2338 ingeniumque
984 2261 1076 2318 uenit.

350 2347 409 2404 Ast
428 2360 623 2420 quaecunque
645 2346 750 2404 minus
775 2345 867 2402 luerit
884 2345 937 2403 lux
958 2357 1067 2423 magna
1088 2344 1205 2414 beatae,

392 2428 514 2506 Ingenii
531 2430 650 2488 dociles
669 2448 728 2487 non
749 2436 855 2488 nmen·
873 2439 981 2505 aequat
1004 2447 1090 2508 opes.

335 2511 408 2573 'Est
427 2514 550 2588 aliquid,
573 2514 687 2586 fateor}
711 2515 809 2572 clarae
831 2527 907 2588 quae
928 2516 1027 2592 gentis
1049 2516 1088 2574 ab
1111 2520 1179 2571 o'rtu

393 2599 490 2658 Missa
508 2611 568 2676 per
581 2600 755 2658 innumeros
777 2599 874 2676 gloria
891 2599 987 2678 fulget
1008 2617 1091 2673 avos,

350 2683 391 2742 Et
411 2684 499 2740 nitidi
522 2685 644 2761 generis
663 2685 774 2742 seriem
795 2684 942 2744 deducere
962 2685 1086 2764 longum

394 2769 425 2826 Α
444 2769 562 2845 magnis
584 2776 651 2826 orta
672 2769 835 2827 nobilitate
853 2770 937 2829 vitia.

351 2851 413 2914 sed
432 2853 528 2912 maior
549 2853 616 2912 laus
637 2861 691 2912 ast
705 2853 805 2912 titulis
822 2873 843 2911 a·
864 2862 964 2913 mente
987 2855 1090 2932 petitis

392 2936 472 2996 Non
487 2938 588 2997 §nere
606 2938 761 3016 ingenium
784 2939 887 3016 stirpis
913 2941 1031 3000 honore
1050 2939 1155 3017 premi.

350 3023 400 3082 Tu
422 3038 541 3100 quoqne
563 3035 656 3100 quum
671 3037 788 3100 ,posses
811 3025 930 3083 censeri
954 3025 1042 3084 laude
1067 3034 1199 3096 tuorum,

392 3110 542 3168 Auatoros
563 3110 684 3186 generis·
706 3127 788 3185 quos
805 3117 877 3168 tuus·
898 3119 983 3170 ortus
1004 3112 1104 3183 habet,

350 3192 401 3252 Ne
423 3202 473 3252 tua
494 3214 550 3271 per
571 3206 697 3272 segnem
718 3204 887 3254 marcerant
906 3203 1044 3273 tempora
1065 3197 1168 3267 vitam,

395 3277 532 3340 Sacrasti
548 3280 657 3338 moniis
680 3279 743 3339 otis
760 3287 827 3338 trita
843 3281 954 3340 eboris.

350 3362 439 3422 Tunc
459 3363 604 3424 Cirrhaea
624 3383 680 3424 auo
702 3372 864 3442 potnerunt
882 3367 967 3444 orgia
990 3368 1060 3440 vati,

393 3449 434 3506 Et
452 3450 507 3508 tibi
531 3451 569 3508 de
592 3450 681 3508 viridi
699 3451 783 3508 lacta*
798 3465 909 3510 corona
927 3452 1008 3530 iugo.

351 3533 455 3592 Prima
471 3535 528 3592 tibi
549 3536 634 3594 facili
652 3536 760 3595 ludens
781 3532 891 3614 Elegio
909 3537 1032 3595 iuventa

392 3616 498 3676 Dictat
516 3619 552 3675 in-
571 3621 704 3679 alternos
726 3621 818 3678 verba
838 3629 942 3678 coacta
961 3620 1072 3697 pedes:

350 3702 392 3762 Et
412 3702 468 3760 tibi
488 3702 656 3763 subiiciens
673 3704 794 3763 blandis
813 3704 953 3764 incendia
971 3705 1100 3763 flammis
