3059 4492
737 481 887 574 Q

397 649 602 722 Ambrosiam,
626 633 781 710 caunum
802 649 898 706 mnus
916 649 1019 708 sunau
1039 649 1146 708 anuos.

358 817 375 885 ζ
384 817 459 894 (95)
616 811 785 897 Ἠράσθην.
809 813 853 882 τίς
873 812 899 876 δ’
926 813 1006 898 οὐχὶ.

357 901 528 964 Comissavi
549 898 634 961 alias.
656 902 744 978 quasi
765 921 856 961 nemo
878 902 938 961 hoe
955 902 1069 963 feeerit.
1090 904 1153 962 arsi

399 989 435 1046 In
452 988 558 1046 furias.
582 987 670 1062 quasi
690 1007 752 1049 uon
775 1007 824 1044 me
843 987 960 1045 furiarit
981 990 1086 1047 Amor.

356 1074 432 1142 Alea
456 1073 638 1130 nunciante
660 1080 715 1132 est.
737 1072 805 1142 uani
825 1072 956 1144 subiere,
976 1073 1097 1150 piloque

399 1157 489 1217 Nunc
513 1158 634 1233 sapiens
658 1166 744 1216 aetas
768 1158 917 1215 deteriore
938 1157 1029 1216 venit.

357 1243 433 1304 Oum
453 1244 632 1318 tempestive
653 1242 748 1315 licuit,
771 1251 834 1300 tum
854 1241 991 1303 lusimus.
1013 1250 1045 1300 at
1065 1262 1155 1315 nune,

399 1329 533 1404 Tempus
556 1329 607 1387 ubi
629 1349 692 1386 non
712 1335 770 1399 est,
791 1329 829 1385 ad
849 1327 977 1386 meliora
1000 1345 1102 1386 vocor.

358 1496 456 1573 ζ(96)
647 1489 806 1574 Ἠράσθης
825 1496 977 1554 πλουτῶν.

357 1573 453 1640 Dives
475 1580 625 1651 amavisti,
650 1579 832 1640 Sosiorates.
856 1584 915 1639 Ast
935 1579 1027 1639 modo
1053 1599 1167 1656 pauper

399 1664 510 1724 Nullus
534 1683 628 1723 amas.
652 1665 773 1740 Quanta
796 1676 853 1739 est,
875 1667 963 1743 proh,
987 1665 1272 1724 medicinafamea?

359 1751 446 1827 Quae
467 1758 497 1808 te
517 1748 701 1824 deliciasque
723 1771 869 1826 suumque
891 1752 1020 1809 vocabat
1040 1750 1184 1824 Adonim,

400 1835 588 1912 Menophilo,
611 1854 722 1892 nomen
745 1856 825 1894 nune
842 1843 928 1913 rogat
949 1835 1004 1892 illa
1023 1842 1117 1893 tuum.

357 1922 446 1994 Fare,
466 1921 553 1996 quisi
571 1921 659 1980 Unde
679 1921 792 1981 domo?
813 1941 889 1996 quae
910 1939 986 1998 gens
1001 1919 1078 1978 tibi?
1100 1939 1181 1978 nune
1193 1921 1271 1980 bene

1017 2005 1099 2064 nosti

400 2091 564 2166 Antiquum
587 2092 660 2150 hoc:
682 2092 807 2167 Inopem
831 2091 931 2149 nullus
953 2109 1054 2148 amare
1078 2091 1168 2149 solet.

359 2259 457 2336 (Gli)
606 2253 646 2320 ‘H
669 2255 792 2338 χαλεπὴ
813 2255 891 2318 κατὰ
911 2257 1018 2319 πάντα.

358 2347 478 2420 Aspera
500 2353 530 2402 et
550 2345 698 2403 indomita
716 2343 836 2401 feritate
859 2344 1019 2404 Philesion
1039 2345 1103 2415 illa,

401 2430 460 2488 llla
481 2430 587 2503 ullum,
609 2428 712 2505 precio
734 2449 797 2486 nun
819 2430 899 2503 sine,
916 2450 1011 2507 passa
1034 2430 1144 2501 virum,

358 2516 460 2574 Mitior
480 2517 555 2573 haee
580 2533 659 2572 nuuc
679 2533 749 2585 esse
768 2514 895 2572 videtur.
919 2523 951 2572 at
969 2534 1040 2574 esse
1062 2515 1160 2572 videri

401 2599 469 2658 Hoc
490 2600 568 2672 leve,
590 2607 735 2657 mutatum
757 2618 814 2656 nee
834 2620 901 2658 reor
922 2601 1087 2678 ingenium.

358 2683 413 2746 sie
434 2703 510 2759 quae
532 2684 634 2742 lenitis
654 2685 842 2743 mansuescit
861 2685 996 2745 moribus
1017 2677 1113 2761 aspis,

403 2767 479 2828 Cum
503 2769 631 2842 mordet,
653 2768 747 2827 nihilo
769 2770 869 2829 secius
890 2770 943 2828 illa
968 2779 1067 2828 necat.

361 2937 457 3016 ζ(99)
629 2931 730 3018 Μικκὴ
750 2935 801 2998 καὶ
823 2939 1008 3017 palmatiae.

359 3025 399 3085 Et
416 3030 507 3099 potua
530 3030 576 3080 eat
599 3031 629 3080 et
648 3022 736 3081 fusca
754 3023 945 3084 Philaenion.
968 3029 1026 3084 Ast
1048 3044 1137 3103 mage
1159 3027 1253 3085 molle

401 3107 476 3168 Non
497 3108 610 3184 apium,
631 3127 694 3167 non
716 3117 763 3168 est
784 3109 924 3168 blandior
941 3129 1038 3188 agnus
1058 3129 1104 3170 ea.

359 3192 433 3254 Non
454 3193 529 3252 illex
551 3193 593 3251 ita
616 3201 728 3266 costus,
749 3201 783 3251 ut
803 3195 869 3253 eius
891 3196 993 3253 verba.
1014 3195 1126 3254 Patere

403 3280 565 3351 Omnibus,
586 3278 735 3336 interdum
756 3298 884 3356 poscere
903 3299 1007 3357 parea,
1028 3280 1118 3340 solet.

359 3365 447 3424 Haeo
468 3365 588 3441 placeat
605 3364 678 3420 mihi
700 3365 769 3422 sola
788 3365 981 3437 Philaenion,
1003 3385 1095 3423 aurea
1117 3364 1224 3443 Cypri,

403 3449 565 3511 Succurrat
585 3449 684 3524 potior
705 3449 800 3508 donec
822 3451 922 3508 amica
941 3451 1024 3509 mihi.

287 3673 289 3680 Α
362 3616 480 3696 ζ(100)
653 3611 784 3697 luipo<
805 3617 856 3679 καὶ
876 3617 978 3699 tutat.

361 3704 422 3765 Ars
445 3701 555 3774 fidium!
567 3709 655 3776 atque
677 3703 810 3778 loquela,
826 3714 988 3783 argutoque
1006 3703 1133 3778 lumina,
1149 3721 1270 3762 carmen
