3059 4492
712 540 862 638 Q-

333 712 449 776 Semita
469 730 580 794 pressu
601 711 690 787 capit,
712 711 914 788 populumque
933 711 965 769 in
987 718 1062 769 nota
1077 719 1226 770 ruentem.

331 799 466 858 Ambitio
486 798 568 870 fecit,
592 799 640 855 vel
663 811 753 872 opum
773 796 887 854 vitiose
911 795 1032 870 cupido,

331 882 381 943 Ne
402 883 525 960 possint
545 883 626 940 ullae
647 882 714 940 sine
736 881 819 939 bello
842 880 943 938 vivere
964 890 1082 957 gentes,

331 966 399 1027 Nec
418 969 483 1027 sine
506 968 625 1040 militie,
645 985 723 1042 quoe
745 965 818 1024 belli
839 965 987 1042 praecipit
1006 983 1105 1024 usum.
1163 973 1167 980 '

331 1053 391 1112 Illa
412 1053 577 1113 salutarem
597 1052 777 1110 mortalibus
798 1050 917 1124 extudit
937 1057 1044 1122 anem,

333 1139 420 1214 Quae
443 1139 543 1210 docet,
565 1137 676 1196 indicto
698 1135 878 1212 otpertus
901 1135 1017 1192 etium
1039 1133 1141 1192 duello

331 1223 396 1282 Res
418 1223 524 1299 po'puli
543 1231 693 1297 repetent,
713 1228 805 1296 etque
827 1220 919 1279 armis
942 1238 1027 1278 erma
1047 1218 1209 1295 repellent,

333 1307 426 1368 Cuius
450 1317 490 1381 et,
510 1307 541 1364 in
562 1303 725 1383 paucisne
744 1306 897 1363 mentibus
920 1304 975 1362 illa
994 1305 1113 1376 lateret,

330 1394 367 1452 In
391 1407 547 1450 commune
569 1394 682 1452 bonum
702 1390 790 1450 multi
811 1398 974 1466 praecepta
993 1389 1112 1447 dedere.

331 1477 456 1553 Lipsius
480 1485 550 1534 ante
573 1489 693 1536 omnesr
711 1476 836 1534 memori
861 1493 939 1552 quac
961 1483 1084 1550 pectore
1108 1480 1220 1546 servet,

333 1562 464 1638 Quando
486 1561 565 1620 viam
588 1563 685 1638 carpit
702 1560 859 1620 Romanus
880 1559 912 1616 in
935 1560 1055 1638 agmine
1076 1559 1176 1630 miles,

331 1650 494 1707 Armorum
516 1656 546 1705 et
567 1647 656 1724 rigidi
679 1647 734 1706 sub
753 1645 856 1719 iniquo
878 1645 1009 1719 pondere
1030 1642 1113 1704 valli.

331 1735 403 1805 Aut,
426 1751 465 1789 ne
486 1733 574 1810 pigra
596 1733 659 1790 suis
681 1728 889 1807 sub‘pellibus
911 1731 973 1787 otia
993 1729 1094 1801 ducat,

333 1817 462 1892 Quando
484 1817 543 1874 ciet
562 1817 649 1875 festis
673 1815 745 1874 belli
768 1814 930 1874 simulacra
948 1815 1068 1873 diebus:
1111 1823 1114 1826 ’

333 1902 421 1977 Quae
442 1901 513 1960 loca
535 1901 575 1960 sit
595 1901 704 1959 melius
725 1899 1048 1976 praeductaclaudere
1073 1901 1171 1971 fossa,

331 1987 374 2048 Ut
394 1986 475 2045 vallo
496 1986 575 2044 iacto
597 1987 658 2044 dux
678 2001 788 2064 aggere
809 1993 909 2043 castra
929 1992 1059 2057 coronet,

333 2073 420 2148 Quae
443 2071 578 2147 quadris¹
590 2071 711 2150 plateis,
731 2079 762 2128 et
784 2079 867 2128 secto
889 2069 966 2126 calle
988 2069 1104 2127 viarum

332 2158 486 2216 Adversas
508 2165 646 2234 spectent
667 2156 784 2214 directo
805 2155 901 2212 limite
922 2162 1035 2230 portas.

331 2242 371 2301 Et
385 2242 578 2317 responsuris
594 2243 673 2299 inter
693 2255 727 2300 se
747 2259 804 2318 per
824 2240 896 2298 loeo
917 2248 998 2297 certa

331 2327 478 2386 Excubiis
499 2335 626 2404 peragat
643 2326 753 2404 vigiles
772 2325 909 2384 custodia
929 2332 1041 2382 noctes.

333 2410 418 2484 Quod
439 2411 465 2470 si
485 2410 561 2469 forte
583 2412 666 2470 iuvat
687 2420 823 2488 porrecta
844 2429 898 2486 per
919 2427 1052 2484 aequora
1072 2411 1174 2487 campi

331 2496 525 2572 Explicuisse
549 2497 642 2569 acies,
663 2497 845 2572 hostemque
866 2495 1018 2552 lacessere
1041 2513 1153 2571 pugna,

331 2580 392 2638 Pro
411 2582 503 2638 rebus
528 2597 649 2639 servare
667 2581 803 2638 modum:
832 2599 891 2654 quo
910 2579 1035 2637 tendere
1058 2587 1155 2638 tractu

333 2663 466 2737 Cornua,
486 2684 545 2738 quo
568 2665 673 2740 deceat
694 2677 806 2736 cuneos
828 2665 1036 2741 constringere
1056 2683 1139 2742 gyro.

332 2747 386 2810 Sin
410 2750 511 2807 audax
531 2749 597 2807 fidit
619 2749 754 2809 robustis
777 2750 934 2808 moenibus
953 2748 1063 2822 hostis,

332 2834 527 2892 Tormentum
549 2835 663 2892 murale
685 2850 794 2912 graves
814 2834 938 2893 ballista
959 2835 1091 2895 molares

330 2919 483 2978 Fulminis·
497 2919 529 2976 in
553 2939 668 2978 morem
690 2928 829 2977 contento
848 2920 968 2978 turbine
988 2919 1100 2979 mittat:

330 3009 392 3064 Aut
414 3017 564 3063 concussa
585 3021 640 3064 suo
663 3005 826 3064 labefactet
847 3005 969 3063 moenia
986 3005 1077 3082 pulsu

332 3088 421 3162 Quod
439 3089 563 3148 Poenus
587 3089 694 3150 (letrae
716 3089 834 3166 Byrsae
853 3089 980 3148 bellacis
1001 3090 1141 3150 alumnus

330 3173 517 3234 Librandum
542 3175 680 3234 oscillum
702 3175 785 3234 malo
807 3175 965 3250 suspendit
988 3175 1120 3248 subalbo,

330 3259 445 3334 lctibus
468 3267 500 3318 ut
523 3262 635 3320 crebris
657 3261 734 3318 muri
755 3273 899 3338 compage
922 3261 1020 3320 soluta

330 3343 464 3403 Pronum
489 3363 566 3404 saxa
587 3347 710 3404 trahant
732 3347 846 3405 sensim
870 3347 1016 3404 subducta
1034 3346 1165 3404 ruinam.

330 3430 392 3487 Aut
413 3431 511 3490 caecis
535 3430 692 3491 scrobibus
711 3431 836 3492 molitus
858 3432 977 3489 moenia
997 3431 1097 3504 miles,

330 3513 429 3571 Vinea
449 3531 539 3591 quem
563 3517 674 3593 pluteis
696 3525 727 3574 et
747 3524 828 3575 tecte
848 3517 950 3574 fronte
969 3524 1080 3587 tuetur,

330 3597 469 3657 Effossac
491 3608 654 3676 postquam
675 3601 793 3660 telluris
817 3609 925 3678 operta
946 3600 1070 3670 subivit,

331 3682 503 3760 Improvlsa
522 3684 623 3742 ferens
646 3685 775 3760 vestigia
794 3687 883 3760 ponit
902 3686 934 3742 in
956 3685 1039 3740 urbe.

330 3768 549 3847 Tardigradam
570 3767 674 3826 fossae
695 3768 778 3824 lento
798 3768 956 3825 molimine
981 3767 1086 3824 turrim
