<?xml version="1.0" encoding="UTF-8"?>
<!DOCTYPE html PUBLIC "-//W3C//DTD XHTML 1.0 Transitional//EN"
    "http://www.w3.org/TR/xhtml1/DTD/xhtml1-transitional.dtd">
<html xmlns="http://www.w3.org/1999/xhtml" xml:lang="en" lang="en">
 <head>
  <title>
</title>
<meta http-equiv="Content-Type" content="text/html;charset=utf-8" />
  <meta name='ocr-system' content='tesseract 3.04.00' />
  <meta name='ocr-capabilities' content='ocr_page ocr_carea ocr_par ocr_line ocrx_word'/>
</head>
<body>
  <div class='ocr_page' id='page_1' title='image "./poemataomnia01scalgoog_0041.png"; bbox 0 0 3059 4492; ppageno 0'>
   <div class='ocr_carea' id='block_1_1' title="bbox 706 507 797 568">
    <p class='ocr_par' dir='ltr' id='par_1_1' title="bbox 706 507 797 568">
     <span class='ocr_line' id='line_1_1' title="bbox 706 507 797 568; baseline 0.055 -5"><span class='ocrx_word' id='word_1_1' title='bbox 706 507 797 568; x_wconf 78' lang='lat'><strong>37.</strong></span> 
     </span>
    </p>
   </div>
   <div class='ocr_carea' id='block_1_2' title="bbox 163 672 1140 3312">
    <p class='ocr_par' dir='ltr' id='par_1_2' title="bbox 266 672 937 744">
     <span class='ocr_line' id='line_1_2' title="bbox 266 672 937 744; baseline 0.003 -12"><span class='ocrx_word' id='word_1_2' title='bbox 266 673 386 732; x_wconf 77' lang='lat' dir='ltr'><strong>Maiore</strong></span> <span class='ocrx_word' id='word_1_3' title='bbox 407 672 499 730; x_wconf 82' lang='lat' dir='ltr'><strong>laude</strong></span> <span class='ocrx_word' id='word_1_4' title='bbox 520 673 627 744; x_wconf 89' lang='lat' dir='ltr'><strong>vincis,</strong></span> <span class='ocrx_word' id='word_1_5' title='bbox 649 693 687 731; x_wconf 89' lang='lat' dir='ltr'><strong>ac</strong></span> <span class='ocrx_word' id='word_1_6' title='bbox 708 693 796 733; x_wconf 88' lang='lat' dir='ltr'><strong>suum</strong></span> <span class='ocrx_word' id='word_1_7' title='bbox 816 677 937 734; x_wconf 86' lang='lat' dir='ltr'><strong>taudem</strong></span> 
     </span>
    </p>

    <p class='ocr_par' dir='ltr' id='par_1_3' title="bbox 268 757 902 832">
     <span class='ocr_line' id='line_1_3' title="bbox 268 757 902 832; baseline 0.003 -16"><span class='ocrx_word' id='word_1_8' title='bbox 268 759 319 816; x_wconf 91' lang='lat' dir='ltr'><strong>Illi</strong></span> <span class='ocrx_word' id='word_1_9' title='bbox 341 757 516 829; x_wconf 82' lang='lat' dir='ltr'><strong>auferendo,</strong></span> <span class='ocrx_word' id='word_1_10' title='bbox 538 757 674 816; x_wconf 78' lang='lat' dir='ltr'><strong>vindicas</strong></span> <span class='ocrx_word' id='word_1_11' title='bbox 697 761 763 832; x_wconf 86' lang='lat' dir='ltr'><strong>tibi,</strong></span> <span class='ocrx_word' id='word_1_12' title='bbox 785 761 902 819; x_wconf 84' lang='lat' dir='ltr'><strong>Vatem.</strong></span> 
     </span>
    </p>

    <p class='ocr_par' dir='ltr' id='par_1_4' title="bbox 267 843 1011 1090">
     <span class='ocr_line' id='line_1_4' title="bbox 267 843 1011 922; baseline 0.008 -21"><span class='ocrx_word' id='word_1_13' title='bbox 267 843 350 902; x_wconf 84' lang='lat' dir='ltr'><strong>Nam</strong></span> <span class='ocrx_word' id='word_1_14' title='bbox 368 843 448 900; x_wconf 88' lang='lat' dir='ltr'><strong>bene</strong></span> <span class='ocrx_word' id='word_1_15' title='bbox 462 843 573 899; x_wconf 90' lang='lat' dir='ltr'><strong>mereri</strong></span> <span class='ocrx_word' id='word_1_16' title='bbox 593 843 672 900; x_wconf 85' lang='lat' dir='ltr'><strong>Vate</strong></span> <span class='ocrx_word' id='word_1_17' title='bbox 694 845 731 902; x_wconf 87' lang='lat' dir='ltr'><strong>de</strong></span> <span class='ocrx_word' id='word_1_18' title='bbox 755 865 820 918; x_wconf 90' lang='lat' dir='ltr'><strong>suo,</strong></span> <span class='ocrx_word' id='word_1_19' title='bbox 847 865 936 922; x_wconf 88' lang='lat' dir='ltr'><strong>quem</strong></span> <span class='ocrx_word' id='word_1_20' title='bbox 956 865 1011 906; x_wconf 86' lang='lat' dir='ltr'><strong>nec</strong></span> 
     </span>
     <span class='ocr_line' id='line_1_5' title="bbox 269 927 923 1006; baseline 0.003 -18"><span class='ocrx_word' id='word_1_21' title='bbox 269 927 404 989; x_wconf 88' lang='lat' dir='ltr'><strong>Servare</strong></span> <span class='ocrx_word' id='word_1_22' title='bbox 425 927 537 1003; x_wconf 87' lang='lat' dir='ltr'><strong>potuit,</strong></span> <span class='ocrx_word' id='word_1_23' title='bbox 558 927 625 986; x_wconf 90' lang='lat' dir='ltr'><strong>iure</strong></span> <span class='ocrx_word' id='word_1_24' title='bbox 644 949 708 988; x_wconf 90' lang='lat' dir='ltr'><strong>non</strong></span> <span class='ocrx_word' id='word_1_25' title='bbox 727 939 832 1006; x_wconf 83' lang='lat' dir='ltr'><strong>potest</strong></span> <span class='ocrx_word' id='word_1_26' title='bbox 851 929 923 990; x_wconf 90' lang='lat' dir='ltr'><strong>ullo.</strong></span> 
     </span>
     <span class='ocr_line' id='line_1_6' title="bbox 267 1013 878 1090; baseline 0.002 -19"><span class='ocrx_word' id='word_1_27' title='bbox 267 1013 355 1071; x_wconf 86' lang='lat' dir='ltr'><strong>Tuus</strong></span> <span class='ocrx_word' id='word_1_28' title='bbox 376 1021 468 1088; x_wconf 85' lang='lat' dir='ltr'><strong>poeta</strong></span> <span class='ocrx_word' id='word_1_29' title='bbox 486 1021 534 1072; x_wconf 87' lang='lat' dir='ltr'><strong>est</strong></span> <span class='ocrx_word' id='word_1_30' title='bbox 552 1013 644 1089; x_wconf 88' lang='lat' dir='ltr'><strong>igitur</strong></span> <span class='ocrx_word' id='word_1_31' title='bbox 664 1014 779 1090; x_wconf 87' lang='lat' dir='ltr'><strong>optimo</strong></span> <span class='ocrx_word' id='word_1_32' title='bbox 803 1016 878 1072; x_wconf 86' lang='lat' dir='ltr'><strong>iure.</strong></span> 
     </span>
    </p>

    <p class='ocr_par' dir='ltr' id='par_1_5' title="bbox 171 1097 1060 2194">
     <span class='ocr_line' id='line_1_7' title="bbox 171 1097 1060 1177; baseline 0.008 -24"><span class='ocrx_word' id='word_1_33' title='bbox 171 1166 175 1177; x_wconf 25' lang='grc' dir='ltr'><strong><em>ι</em></strong></span> <span class='ocrx_word' id='word_1_34' title='bbox 268 1097 361 1171; x_wconf 80' lang='lat' dir='ltr'><strong>Quid,</strong></span> <span class='ocrx_word' id='word_1_35' title='bbox 382 1097 465 1171; x_wconf 87' lang='lat' dir='ltr'><strong>quod</strong></span> <span class='ocrx_word' id='word_1_36' title='bbox 486 1107 649 1174; x_wconf 72' lang='lat' dir='ltr'><strong>vagantum</strong></span> <span class='ocrx_word' id='word_1_37' title='bbox 670 1119 762 1159; x_wconf 87' lang='lat' dir='ltr'><strong>nosse</strong></span> <span class='ocrx_word' id='word_1_38' title='bbox 785 1099 922 1160; x_wconf 78' lang='lat' dir='ltr'>Siderum</span> <span class='ocrx_word' id='word_1_39' title='bbox 942 1117 1060 1174; x_wconf 84' lang='lat' dir='ltr'><strong>cursus,</strong></span> 
     </span>
     <span class='ocr_line' id='line_1_8' title="bbox 268 1181 968 1259; baseline 0 -16"><span class='ocrx_word' id='word_1_40' title='bbox 268 1181 355 1243; x_wconf 84' lang='lat' dir='ltr'><strong>Solis</strong></span> <span class='ocrx_word' id='word_1_41' title='bbox 375 1182 510 1255; x_wconf 87' lang='lat' dir='ltr'><strong>labores,</strong></span> <span class='ocrx_word' id='word_1_42' title='bbox 535 1185 635 1259; x_wconf 86' lang='lat' dir='ltr'><strong>spatia</strong></span> <span class='ocrx_word' id='word_1_43' title='bbox 655 1193 830 1243; x_wconf 75' lang='lat' dir='ltr'><strong>menstruae</strong></span> <span class='ocrx_word' id='word_1_44' title='bbox 850 1186 968 1258; x_wconf 89' lang='lat' dir='ltr'><strong>Lunae,</strong></span> 
     </span>
     <span class='ocr_line' id='line_1_9' title="bbox 267 1270 1019 1344; baseline 0.001 -17"><span class='ocrx_word' id='word_1_45' title='bbox 267 1271 451 1341; x_wconf 85' lang='lat' dir='ltr'><strong>Anuumque</strong></span> <span class='ocrx_word' id='word_1_46' title='bbox 469 1286 594 1344; x_wconf 75' lang='lat' dir='ltr'>gressus</span> <span class='ocrx_word' id='word_1_47' title='bbox 616 1270 648 1326; x_wconf 90' lang='lat' dir='ltr'><strong>iu</strong></span> <span class='ocrx_word' id='word_1_48' title='bbox 671 1288 742 1329; x_wconf 87' lang='lat' dir='ltr'><strong>suos</strong></span> <span class='ocrx_word' id='word_1_49' title='bbox 762 1270 959 1344; x_wconf 75' lang='lat' dir='ltr'><strong>relabentem,</strong></span> <span class='ocrx_word' id='word_1_50' title='bbox 1017 1291 1019 1304; x_wconf 86' lang='grc'><strong><em>·</em></strong></span> 
     </span>
     <span class='ocr_line' id='line_1_10' title="bbox 268 1353 926 1431; baseline 0.002 -19"><span class='ocrx_word' id='word_1_51' title='bbox 268 1353 400 1429; x_wconf 84' lang='lat' dir='ltr'><strong>Indigna</strong></span> <span class='ocrx_word' id='word_1_52' title='bbox 419 1372 481 1410; x_wconf 90' lang='lat' dir='ltr'><strong>non</strong></span> <span class='ocrx_word' id='word_1_53' title='bbox 504 1361 551 1411; x_wconf 87' lang='lat' dir='ltr'><strong>est</strong></span> <span class='ocrx_word' id='word_1_54' title='bbox 569 1354 655 1431; x_wconf 85' lang='lat' dir='ltr'><strong>Rege</strong></span> <span class='ocrx_word' id='word_1_55' title='bbox 676 1356 810 1413; x_wconf 85' lang='lat' dir='ltr'><strong>maximo</strong></span> <span class='ocrx_word' id='word_1_56' title='bbox 832 1356 926 1413; x_wconf 77' lang='lat' dir='ltr'><strong>cura?</strong></span> 
     </span>
     <span class='ocr_line' id='line_1_11' title="bbox 268 1436 904 1517; baseline 0.002 -21"><span class='ocrx_word' id='word_1_57' title='bbox 268 1437 375 1496; x_wconf 87' lang='lat' dir='ltr'><strong>Testis</strong></span> <span class='ocrx_word' id='word_1_58' title='bbox 397 1436 553 1513; x_wconf 86' lang='lat' dir='ltr'><strong>Necepso,</strong></span> <span class='ocrx_word' id='word_1_59' title='bbox 576 1439 627 1514; x_wconf 89' lang='lat' dir='ltr'><strong>qui</strong></span> <span class='ocrx_word' id='word_1_60' title='bbox 649 1437 797 1516; x_wconf 87' lang='lat' dir='ltr'><strong>Canopici</strong></span> <span class='ocrx_word' id='word_1_61' title='bbox 819 1441 904 1517; x_wconf 85' lang='lat' dir='ltr'><strong>regni</strong></span> 
     </span>
     <span class='ocr_line' id='line_1_12' title="bbox 268 1523 1008 1598; baseline 0.004 -18"><span class='ocrx_word' id='word_1_62' title='bbox 268 1524 395 1581; x_wconf 87' lang='lat' dir='ltr'><strong>Tenens</strong></span> <span class='ocrx_word' id='word_1_63' title='bbox 416 1523 563 1597; x_wconf 87' lang='lat' dir='ltr'><strong>habenas,</strong></span> <span class='ocrx_word' id='word_1_64' title='bbox 585 1533 672 1581; x_wconf 86' lang='lat' dir='ltr'><strong>nocte</strong></span> <span class='ocrx_word' id='word_1_65' title='bbox 693 1525 858 1583; x_wconf 88' lang='lat' dir='ltr'><strong>consulens</strong></span> <span class='ocrx_word' id='word_1_66' title='bbox 881 1525 1008 1598; x_wconf 85' lang='lat' dir='ltr'><strong>caelum,</strong></span> 
     </span>
     <span class='ocr_line' id='line_1_13' title="bbox 269 1607 969 1686; baseline 0.006 -22"><span class='ocrx_word' id='word_1_67' title='bbox 269 1607 474 1685; x_wconf 76' lang='lat' dir='ltr'><strong>Quaecunque</strong></span> <span class='ocrx_word' id='word_1_68' title='bbox 496 1607 585 1666; x_wconf 90' lang='lat' dir='ltr'><strong>limes</strong></span> <span class='ocrx_word' id='word_1_69' title='bbox 607 1619 691 1667; x_wconf 86' lang='lat' dir='ltr'><strong>astra</strong></span> <span class='ocrx_word' id='word_1_70' title='bbox 711 1610 837 1686; x_wconf 81' lang='lat' dir='ltr'><strong>signifer</strong></span> <span class='ocrx_word' id='word_1_71' title='bbox 860 1619 969 1686; x_wconf 86' lang='lat' dir='ltr'><strong>portat,</strong></span> 
     </span>
     <span class='ocr_line' id='line_1_14' title="bbox 267 1692 925 1768; baseline 0.005 -17"><span class='ocrx_word' id='word_1_72' title='bbox 267 1692 369 1751; x_wconf 78' lang='lat' dir='ltr'><strong>Rodio</strong></span> <span class='ocrx_word' id='word_1_73' title='bbox 390 1692 515 1751; x_wconf 87' lang='lat' dir='ltr'><strong>notavit.</strong></span> <span class='ocrx_word' id='word_1_74' title='bbox 538 1693 610 1768; x_wconf 88' lang='lat' dir='ltr'><strong>quid</strong></span> <span class='ocrx_word' id='word_1_75' title='bbox 630 1703 767 1753; x_wconf 86' lang='lat' dir='ltr'><strong>vetustus</strong></span> <span class='ocrx_word' id='word_1_76' title='bbox 791 1696 925 1754; x_wconf 89' lang='lat' dir='ltr'><strong>eiusdem</strong></span> 
     </span>
     <span class='ocr_line' id='line_1_15' title="bbox 268 1777 939 1854; baseline 0.003 -20"><span class='ocrx_word' id='word_1_77' title='bbox 268 1779 434 1854; x_wconf 79' lang='lat' dir='ltr'><strong>Tyrannus</strong></span> <span class='ocrx_word' id='word_1_78' title='bbox 452 1777 551 1850; x_wconf 87' lang='lat' dir='ltr'><strong>aulae,</strong></span> <span class='ocrx_word' id='word_1_79' title='bbox 573 1787 679 1853; x_wconf 88' lang='lat' dir='ltr'><strong>terque</strong></span> <span class='ocrx_word' id='word_1_80' title='bbox 700 1779 851 1838; x_wconf 81' lang='lat' dir='ltr'><strong>maximus</strong></span> <span class='ocrx_word' id='word_1_81' title='bbox 874 1779 939 1838; x_wconf 92' lang='lat' dir='ltr'><strong>Nili</strong></span> 
     </span>
     <span class='ocr_line' id='line_1_16' title="bbox 267 1862 973 1942; baseline 0.001 -20"><span class='ocrx_word' id='word_1_82' title='bbox 267 1864 427 1939; x_wconf 85' lang='lat' dir='ltr'><strong>Regnator</strong></span> <span class='ocrx_word' id='word_1_83' title='bbox 446 1862 589 1935; x_wconf 87' lang='lat' dir='ltr'><strong>Hermes,</strong></span> <span class='ocrx_word' id='word_1_84' title='bbox 611 1865 662 1938; x_wconf 90' lang='lat' dir='ltr'><strong>qui</strong></span> <span class='ocrx_word' id='word_1_85' title='bbox 684 1864 834 1941; x_wconf 82' lang='lat' dir='ltr'><strong>logisticis</strong></span> <span class='ocrx_word' id='word_1_86' title='bbox 853 1866 973 1942; x_wconf 84' lang='lat' dir='ltr'><strong>punctis</strong></span> 
     </span>
     <span class='ocr_line' id='line_1_17' title="bbox 269 1946 835 2024; baseline 0 -17"><span class='ocrx_word' id='word_1_87' title='bbox 269 1946 403 2024; x_wconf 83' lang='lat' dir='ltr'><strong>Collegit</strong></span> <span class='ocrx_word' id='word_1_88' title='bbox 421 1956 518 2016; x_wconf 82' lang='lat' dir='ltr'><strong>astra3</strong></span> <span class='ocrx_word' id='word_1_89' title='bbox 540 1948 646 2010; x_wconf 80' lang='lat' dir='ltr'><strong>coelici</strong></span> <span class='ocrx_word' id='word_1_90' title='bbox 667 1950 835 2024; x_wconf 85' lang='lat' dir='ltr'><strong>penetralis</strong></span> 
     </span>
     <span class='ocr_line' id='line_1_18' title="bbox 268 2031 945 2108; baseline 0 -16"><span class='ocrx_word' id='word_1_91' title='bbox 268 2031 431 2092; x_wconf 88' lang='lat' dir='ltr'><strong>Reseravit</strong></span> <span class='ocrx_word' id='word_1_92' title='bbox 452 2034 555 2108; x_wconf 69' lang='lat' dir='ltr'><strong>adyta,</strong></span> <span class='ocrx_word' id='word_1_93' title='bbox 577 2034 660 2091; x_wconf 87' lang='lat' dir='ltr'><strong>venit</strong></span> <span class='ocrx_word' id='word_1_94' title='bbox 680 2035 720 2090; x_wconf 88' lang='lat' dir='ltr'><strong>ad</strong></span> <span class='ocrx_word' id='word_1_95' title='bbox 739 2033 825 2093; x_wconf 89' lang='lat' dir='ltr'><strong>Deos</strong></span> <span class='ocrx_word' id='word_1_96' title='bbox 848 2035 945 2108; x_wconf 84' lang='lat' dir='ltr'><strong>ipsos,</strong></span> 
     </span>
     <span class='ocr_line' id='line_1_19' title="bbox 269 2117 900 2194; baseline -0.003 -16"><span class='ocrx_word' id='word_1_97' title='bbox 269 2117 364 2178; x_wconf 85' lang='lat' dir='ltr'><strong>Caelo</strong></span> <span class='ocrx_word' id='word_1_98' title='bbox 387 2118 499 2193; x_wconf 86' lang='lat' dir='ltr'><strong>potitus</strong></span> <span class='ocrx_word' id='word_1_99' title='bbox 521 2117 565 2176; x_wconf 91' lang='lat' dir='ltr'><strong>sic</strong></span> <span class='ocrx_word' id='word_1_100' title='bbox 584 2138 641 2194; x_wconf 91' lang='lat' dir='ltr'><strong>per</strong></span> <span class='ocrx_word' id='word_1_101' title='bbox 662 2128 745 2176; x_wconf 86' lang='lat' dir='ltr'><strong>astra</strong></span> <span class='ocrx_word' id='word_1_102' title='bbox 762 2119 900 2194; x_wconf 82' lang='lat' dir='ltr'><strong>captivo?</strong></span> 
     </span>
    </p>

    <p class='ocr_par' dir='ltr' id='par_1_6' title="bbox 267 2203 1047 2875">
     <span class='ocr_line' id='line_1_20' title="bbox 269 2203 1036 2278; baseline 0.001 -18"><span class='ocrx_word' id='word_1_103' title='bbox 269 2203 348 2276; x_wconf 80' lang='lat' dir='ltr'><strong>Quid</strong></span> <span class='ocrx_word' id='word_1_104' title='bbox 371 2203 491 2278; x_wconf 88' lang='lat' dir='ltr'><strong>priscus</strong></span> <span class='ocrx_word' id='word_1_105' title='bbox 514 2203 614 2277; x_wconf 86' lang='lat' dir='ltr'><strong>Atlas,</strong></span> <span class='ocrx_word' id='word_1_106' title='bbox 635 2213 732 2261; x_wconf 85' lang='lat' dir='ltr'><strong>rector</strong></span> <span class='ocrx_word' id='word_1_107' title='bbox 751 2204 884 2275; x_wconf 72' lang='lat' dir='ltr'><strong>Africae,</strong></span> <span class='ocrx_word' id='word_1_108' title='bbox 902 2203 953 2277; x_wconf 91' lang='lat' dir='ltr'><strong>qui</strong></span> <span class='ocrx_word' id='word_1_109' title='bbox 975 2223 1036 2261; x_wconf 88' lang='lat' dir='ltr'><strong>non</strong></span> 
     </span>
     <span class='ocr_line' id='line_1_21' title="bbox 270 2287 956 2365; baseline -0.004 -18"><span class='ocrx_word' id='word_1_110' title='bbox 270 2287 405 2359; x_wconf 87' lang='lat' dir='ltr'><strong>Cervice,</strong></span> <span class='ocrx_word' id='word_1_111' title='bbox 426 2307 529 2346; x_wconf 88' lang='lat' dir='ltr'><strong>verum</strong></span> <span class='ocrx_word' id='word_1_112' title='bbox 552 2297 652 2346; x_wconf 88' lang='lat' dir='ltr'><strong>mente</strong></span> <span class='ocrx_word' id='word_1_113' title='bbox 672 2289 796 2365; x_wconf 86' lang='lat' dir='ltr'><strong>pertulit</strong></span> <span class='ocrx_word' id='word_1_114' title='bbox 818 2287 956 2346; x_wconf 79' lang='lat' dir='ltr'><strong>caelum?</strong></span> 
     </span>
     <span class='ocr_line' id='line_1_22' title="bbox 269 2372 985 2449; baseline 0.004 -20"><span class='ocrx_word' id='word_1_115' title='bbox 269 2373 348 2446; x_wconf 79' lang='lat' dir='ltr'><strong>Quid</strong></span> <span class='ocrx_word' id='word_1_116' title='bbox 368 2372 432 2443; x_wconf 93' lang='lat' dir='ltr'><strong>ille,</strong></span> <span class='ocrx_word' id='word_1_117' title='bbox 452 2391 546 2430; x_wconf 87' lang='lat' dir='ltr'><strong>canae</strong></span> <span class='ocrx_word' id='word_1_118' title='bbox 569 2391 657 2447; x_wconf 88' lang='lat' dir='ltr'><strong>quem</strong></span> <span class='ocrx_word' id='word_1_119' title='bbox 680 2374 839 2449; x_wconf 88' lang='lat' dir='ltr'><strong>loquentur</strong></span> <span class='ocrx_word' id='word_1_120' title='bbox 859 2381 985 2446; x_wconf 86' lang='lat' dir='ltr'><strong>aetates,</strong></span> 
     </span>
     <span class='ocr_line' id='line_1_23' title="bbox 267 2457 981 2536; baseline 0 -20"><span class='ocrx_word' id='word_1_121' title='bbox 267 2461 427 2516; x_wconf 82' lang='lat' dir='ltr'><strong>Astrorum</strong></span> <span class='ocrx_word' id='word_1_122' title='bbox 448 2458 599 2530; x_wconf 87' lang='lat' dir='ltr'><strong>alumnus,</strong></span> <span class='ocrx_word' id='word_1_123' title='bbox 620 2460 730 2536; x_wconf 86' lang='lat' dir='ltr'><strong>pignus</strong></span> <span class='ocrx_word' id='word_1_124' title='bbox 751 2477 874 2516; x_wconf 88' lang='lat' dir='ltr'><strong>aureum</strong></span> <span class='ocrx_word' id='word_1_125' title='bbox 893 2457 981 2530; x_wconf 90' lang='lat' dir='ltr'><strong>caeli,</strong></span> 
     </span>
     <span class='ocr_line' id='line_1_24' title="bbox 269 2541 1030 2614; baseline 0 -12"><span class='ocrx_word' id='word_1_126' title='bbox 269 2541 424 2602; x_wconf 85' lang='lat' dir='ltr'><strong>Castellae</strong></span> <span class='ocrx_word' id='word_1_127' title='bbox 443 2561 588 2602; x_wconf 85' lang='lat' dir='ltr'><strong>amoenae</strong></span> <span class='ocrx_word' id='word_1_128' title='bbox 611 2543 681 2601; x_wconf 82' lang='lat' dir='ltr'><strong>Rex</strong></span> <span class='ocrx_word' id='word_1_129' title='bbox 704 2551 841 2602; x_wconf 87' lang='lat' dir='ltr'><strong>vetustus</strong></span> <span class='ocrx_word' id='word_1_130' title='bbox 865 2544 1030 2614; x_wconf 84' lang='lat' dir='ltr'><strong>Alfonsus;</strong></span> 
     </span>
     <span class='ocr_line' id='line_1_25' title="bbox 267 2628 960 2706; baseline 0.003 -20"><span class='ocrx_word' id='word_1_131' title='bbox 267 2628 403 2704; x_wconf 87' lang='lat' dir='ltr'><strong>Aliique,</strong></span> <span class='ocrx_word' id='word_1_132' title='bbox 424 2647 499 2704; x_wconf 89' lang='lat' dir='ltr'><strong>quos</strong></span> <span class='ocrx_word' id='word_1_133' title='bbox 523 2647 578 2685; x_wconf 91' lang='lat' dir='ltr'><strong>nec</strong></span> <span class='ocrx_word' id='word_1_134' title='bbox 598 2629 825 2705; x_wconf 79' lang='lat' dir='ltr'><strong>explicaverim,</strong></span> <span class='ocrx_word' id='word_1_135' title='bbox 847 2629 960 2706; x_wconf 83' lang='lat' dir='ltr'><strong>Reges,</strong></span> 
     </span>
     <span class='ocr_line' id='line_1_26' title="bbox 267 2713 968 2792; baseline 0.001 -21"><span class='ocrx_word' id='word_1_136' title='bbox 267 2713 381 2771; x_wconf 90' lang='lat' dir='ltr'><strong>Divina</strong></span> <span class='ocrx_word' id='word_1_137' title='bbox 402 2714 454 2788; x_wconf 90' lang='lat' dir='ltr'><strong>qui</strong></span> <span class='ocrx_word' id='word_1_138' title='bbox 473 2731 528 2789; x_wconf 90' lang='lat' dir='ltr'><strong>per</strong></span> <span class='ocrx_word' id='word_1_139' title='bbox 546 2714 660 2790; x_wconf 89' lang='lat' dir='ltr'><strong>scripta</strong></span> <span class='ocrx_word' id='word_1_140' title='bbox 680 2714 816 2792; x_wconf 84' lang='lat' dir='ltr'><strong>Regibus</strong></span> <span class='ocrx_word' id='word_1_141' title='bbox 839 2713 968 2791; x_wconf 83' lang='lat' dir='ltr'><strong>magnis,</strong></span> 
     </span>
     <span class='ocr_line' id='line_1_27' title="bbox 268 2797 1047 2875; baseline -0.001 -19"><span class='ocrx_word' id='word_1_142' title='bbox 268 2799 450 2875; x_wconf 85' lang='lat' dir='ltr'><strong>Magnisquc</strong></span> <span class='ocrx_word' id='word_1_143' title='bbox 471 2807 585 2856; x_wconf 89' lang='lat' dir='ltr'><strong>tantam</strong></span> <span class='ocrx_word' id='word_1_144' title='bbox 604 2797 741 2857; x_wconf 81' lang='lat' dir='ltr'><strong>Ducibus</strong></span> <span class='ocrx_word' id='word_1_145' title='bbox 767 2807 907 2858; x_wconf 87' lang='lat' dir='ltr'><strong>asserunt</strong></span> <span class='ocrx_word' id='word_1_146' title='bbox 930 2797 1047 2856; x_wconf 80' lang='lat' dir='ltr'><strong>artemi</strong></span> 
     </span>
    </p>

    <p class='ocr_par' dir='ltr' id='par_1_7' title="bbox 163 2883 1140 3129">
     <span class='ocr_line' id='line_1_28' title="bbox 163 2883 1030 2965; baseline -0.003 -22"><span class='ocrx_word' id='word_1_147' title='bbox 163 2927 164 2965; x_wconf 63' lang='lat'><strong>,</strong></span> <span class='ocrx_word' id='word_1_148' title='bbox 267 2888 327 2942; x_wconf 80' lang='lat' dir='ltr'><strong>Ars</strong></span> <span class='ocrx_word' id='word_1_149' title='bbox 347 2884 410 2942; x_wconf 88' lang='lat' dir='ltr'><strong>ista</strong></span> <span class='ocrx_word' id='word_1_150' title='bbox 429 2885 484 2956; x_wconf 90' lang='lat' dir='ltr'><strong>sic,</strong></span> <span class='ocrx_word' id='word_1_151' title='bbox 502 2883 572 2941; x_wconf 90' lang='lat' dir='ltr'><strong>Rex</strong></span> <span class='ocrx_word' id='word_1_152' title='bbox 595 2903 715 2961; x_wconf 89' lang='lat' dir='ltr'><strong>magne,</strong></span> <span class='ocrx_word' id='word_1_153' title='bbox 740 2885 877 2961; x_wconf 88' lang='lat' dir='ltr'><strong>Regibus</strong></span> <span class='ocrx_word' id='word_1_154' title='bbox 899 2895 969 2942; x_wconf 84' lang='lat' dir='ltr'><strong>non&#39;</strong></span> <span class='ocrx_word' id='word_1_155' title='bbox 984 2891 1030 2942; x_wconf 88' lang='lat' dir='ltr'><strong>est</strong></span> 
     </span>
     <span class='ocr_line' id='line_1_29' title="bbox 268 2967 978 3046; baseline -0.003 -19"><span class='ocrx_word' id='word_1_156' title='bbox 268 2969 409 3046; x_wconf 87' lang='lat' dir='ltr'><strong>Indigna,</strong></span> <span class='ocrx_word' id='word_1_157' title='bbox 433 2987 511 3045; x_wconf 87' lang='lat' dir='ltr'><strong>quae</strong></span> <span class='ocrx_word' id='word_1_158' title='bbox 533 2977 576 3026; x_wconf 89' lang='lat' dir='ltr'><strong>tot</strong></span> <span class='ocrx_word' id='word_1_159' title='bbox 597 2969 731 3027; x_wconf 88' lang='lat' dir='ltr'><strong>vindices</strong></span> <span class='ocrx_word' id='word_1_160' title='bbox 754 2970 845 3027; x_wconf 86' lang='lat' dir='ltr'><strong>habet</strong></span> <span class='ocrx_word' id='word_1_161' title='bbox 867 2967 978 3046; x_wconf 88' lang='lat' dir='ltr'><strong>Reges.</strong></span> 
     </span>
     <span class='ocr_line' id='line_1_30' title="bbox 268 3052 1140 3129; baseline -0.003 -16"><span class='ocrx_word' id='word_1_162' title='bbox 268 3053 358 3128; x_wconf 76' lang='lat' dir='ltr'><strong>Quod</strong></span> <span class='ocrx_word' id='word_1_163' title='bbox 380 3055 406 3112; x_wconf 90' lang='lat' dir='ltr'><strong>si</strong></span> <span class='ocrx_word' id='word_1_164' title='bbox 427 3063 457 3111; x_wconf 90' lang='lat' dir='ltr'><strong>et</strong></span> <span class='ocrx_word' id='word_1_165' title='bbox 477 3053 617 3111; x_wconf 86' lang='lat' dir='ltr'><strong>clientem</strong></span> <span class='ocrx_word' id='word_1_166' title='bbox 641 3055 720 3112; x_wconf 91' lang='lat' dir='ltr'><strong>hunc</strong></span> <span class='ocrx_word' id='word_1_167' title='bbox 739 3055 866 3129; x_wconf 84' lang='lat' dir='ltr'><strong>recipis3</strong></span> <span class='ocrx_word' id='word_1_168' title='bbox 889 3075 907 3111; x_wconf 93' lang='lat'>0</span> <span class='ocrx_word' id='word_1_169' title='bbox 930 3060 1039 3128; x_wconf 86' lang='lat' dir='ltr'><strong>quater·</strong></span> <span class='ocrx_word' id='word_1_170' title='bbox 1056 3052 1140 3125; x_wconf 81' lang='lat' dir='ltr'><strong>felix,</strong></span> 
     </span>
    </p>

    <p class='ocr_par' dir='ltr' id='par_1_8' title="bbox 163 3138 1031 3312">
     <span class='ocr_line' id='line_1_31' title="bbox 163 3138 1031 3214; baseline 0 -19"><span class='ocrx_word' id='word_1_171' title='bbox 163 3180 164 3185; x_wconf 17' lang='grc' dir='ltr'><strong>κ</strong></span> <span class='ocrx_word' id='word_1_172' title='bbox 267 3138 366 3212; x_wconf 72' lang='lat' dir='ltr'><strong>Quem</strong></span> <span class='ocrx_word' id='word_1_173' title='bbox 390 3140 436 3198; x_wconf 89' lang='lat' dir='ltr'><strong>sic</strong></span> <span class='ocrx_word' id='word_1_174' title='bbox 454 3148 585 3210; x_wconf 90' lang='lat' dir='ltr'><strong>tuentur,</strong></span> <span class='ocrx_word' id='word_1_175' title='bbox 609 3140 799 3214; x_wconf 85' lang='lat' dir='ltr'><strong>saeculisque</strong></span> <span class='ocrx_word' id='word_1_176' title='bbox 822 3139 1031 3196; x_wconf 86' lang='lat' dir='ltr'><strong>commendant</strong></span> 
     </span>
     <span class='ocr_line' id='line_1_32' title="bbox 268 3223 991 3312; baseline 0.001 -31"><span class='ocrx_word' id='word_1_177' title='bbox 268 3223 385 3301; x_wconf 89' lang='lat' dir='ltr'><strong>Regale</strong></span> <span class='ocrx_word' id='word_1_178' title='bbox 407 3224 549 3297; x_wconf 85' lang='lat' dir='ltr'><strong>studium,</strong></span> <span class='ocrx_word' id='word_1_179' title='bbox 574 3233 665 3312; x_wconf 77' lang='lat' dir='ltr'><strong>tuque</strong></span> <span class='ocrx_word' id='word_1_180' title='bbox 688 3224 839 3282; x_wconf 83' lang='lat' dir='ltr'><strong>maximus</strong></span> <span class='ocrx_word' id='word_1_181' title='bbox 864 3224 991 3300; x_wconf 89' lang='lat' dir='ltr'><strong>Regum.</strong></span> 
     </span>
    </p>
   </div>
   <div class='ocr_carea' id='block_1_3' title="bbox 232 3327 1184 3672">
    <p class='ocr_par' dir='ltr' id='par_1_9' title="bbox 338 3327 1184 3396">
     <span class='ocr_line' id='line_1_33' title="bbox 338 3327 1184 3396; baseline -0.006 -15"><span class='ocrx_word' id='word_1_182' title='bbox 338 3331 470 3396; x_wconf 87' lang='lat' dir='ltr'><strong>[„meminl</strong></span> <span class='ocrx_word' id='word_1_183' title='bbox 489 3339 576 3380; x_wconf 85' lang='lat' dir='ltr'><strong>tamen</strong></span> <span class='ocrx_word' id='word_1_184' title='bbox 590 3345 631 3381; x_wconf 89' lang='lat' dir='ltr'><strong>me</strong></span> <span class='ocrx_word' id='word_1_185' title='bbox 648 3331 741 3380; x_wconf 84' lang='lat' dir='ltr'><strong>alicubi</strong></span> <span class='ocrx_word' id='word_1_186' title='bbox 753 3332 878 3380; x_wconf 85' lang='lat' dir='ltr'><strong>memoria</strong></span> <span class='ocrx_word' id='word_1_187' title='bbox 894 3331 996 3394; x_wconf 85' lang='lat' dir='ltr'><strong>lapsum</strong></span> <span class='ocrx_word' id='word_1_188' title='bbox 1012 3342 1078 3378; x_wconf 85' lang='lat' dir='ltr'><strong>esse.</strong></span> <span class='ocrx_word' id='word_1_189' title='bbox 1105 3327 1184 3390; x_wconf 88' lang='lat' dir='ltr'><strong>igitur</strong></span> 
     </span>
    </p>

    <p class='ocr_par' dir='ltr' id='par_1_10' title="bbox 336 3396 1182 3464">
     <span class='ocr_line' id='line_1_34' title="bbox 336 3396 1182 3464; baseline -0.004 -16"><span class='ocrx_word' id='word_1_190' title='bbox 336 3415 384 3464; x_wconf 88' lang='lat' dir='ltr'><strong>pro</strong></span> <span class='ocrx_word' id='word_1_191' title='bbox 401 3401 448 3450; x_wconf 89' lang='lat' dir='ltr'><strong>illo</strong></span> <span class='ocrx_word' id='word_1_192' title='bbox 467 3397 524 3449; x_wconf 71' lang='lat' dir='ltr'><strong>Rea</strong></span> <span class='ocrx_word' id='word_1_193' title='bbox 541 3397 686 3450; x_wconf 76' lang='lat' dir='ltr'><strong>Celtiberos</strong></span> <span class='ocrx_word' id='word_1_194' title='bbox 706 3399 862 3448; x_wconf 78' lang='lat' dir='ltr'><strong>Tarraconis</strong></span> <span class='ocrx_word' id='word_1_195' title='bbox 882 3396 1006 3460; x_wconf 76' lang='lat' dir='ltr'><strong>Alfenam</strong></span> <span class='ocrx_word' id='word_1_196' title='bbox 1019 3397 1182 3461; x_wconf 85' lang='lat' dir='ltr'><strong>reponendus</strong></span> 
     </span>
    </p>

    <p class='ocr_par' dir='ltr' id='par_1_11' title="bbox 337 3463 1183 3528">
     <span class='ocr_line' id='line_1_35' title="bbox 337 3463 1183 3528; baseline -0.005 -10"><span class='ocrx_word' id='word_1_197' title='bbox 337 3470 387 3518; x_wconf 88' lang='lat' dir='ltr'><strong>erit</strong></span> <span class='ocrx_word' id='word_1_198' title='bbox 403 3469 447 3519; x_wconf 88' lang='lat' dir='ltr'><strong>ille</strong></span> <span class='ocrx_word' id='word_1_199' title='bbox 465 3466 599 3521; x_wconf 71' lang='lat' dir='ltr'><strong>cassellen</strong></span> <span class='ocrx_word' id='word_1_200' title='bbox 616 3485 738 3518; x_wconf 76' lang='lat' dir='ltr'><strong>amoenae</strong></span> <span class='ocrx_word' id='word_1_201' title='bbox 754 3483 803 3516; x_wconf 75' lang='lat' dir='ltr'><strong>reu</strong></span> <span class='ocrx_word' id='word_1_202' title='bbox 816 3474 929 3516; x_wconf 73' lang='lat' dir='ltr'><strong>uelantur</strong></span> <span class='ocrx_word' id='word_1_203' title='bbox 944 3463 1093 3528; x_wconf 55' lang='lat' dir='ltr'><strong>Alfenam?</strong></span> <span class='ocrx_word' id='word_1_204' title='bbox 1121 3465 1183 3514; x_wconf 65' lang='lat' dir='ltr'><strong>Sca*</strong></span> 
     </span>
    </p>

    <p class='ocr_par' dir='ltr' id='par_1_12' title="bbox 232 3525 1183 3672">
     <span class='ocr_line' id='line_1_36' title="bbox 232 3525 1183 3603; baseline -0.005 -16"><span class='ocrx_word' id='word_1_205' title='bbox 232 3525 238 3542; x_wconf 72' lang='lat'>⁸</span> <span class='ocrx_word' id='word_1_206' title='bbox 336 3538 403 3600; x_wconf 81' lang='lat' dir='ltr'><strong>liger</strong></span> <span class='ocrx_word' id='word_1_207' title='bbox 432 3539 487 3603; x_wconf 86' lang='lat' dir='ltr'><strong>ipse</strong></span> <span class='ocrx_word' id='word_1_208' title='bbox 509 3538 623 3587; x_wconf 87' lang='lat' dir='ltr'><strong>moriens</strong></span> <span class='ocrx_word' id='word_1_209' title='bbox 650 3546 715 3588; x_wconf 80' lang='lat' dir='ltr'><strong>teste</strong></span> <span class='ocrx_word' id='word_1_210' title='bbox 735 3537 847 3588; x_wconf 83' lang='lat' dir='ltr'><strong>Daniele</strong></span> <span class='ocrx_word' id='word_1_211' title='bbox 875 3535 983 3585; x_wconf 82' lang='lat' dir='ltr'><strong>Heinsio</strong></span> <span class='ocrx_word' id='word_1_212' title='bbox 1008 3537 1036 3586; x_wconf 91' lang='lat' dir='ltr'><strong>in</strong></span> <span class='ocrx_word' id='word_1_213' title='bbox 1058 3533 1183 3596; x_wconf 81' lang='lat' dir='ltr'><strong>Scaligeri</strong></span> 
     </span>
     <span class='ocr_line' id='line_1_37' title="bbox 302 3603 591 3672; baseline 0 -16"><span class='ocrx_word' id='word_1_214' title='bbox 302 3610 309 3614; x_wconf 85' lang='grc'><strong>”</strong></span> <span class='ocrx_word' id='word_1_215' title='bbox 337 3607 453 3671; x_wconf 86' lang='lat' dir='ltr'><strong>epistolis</strong></span> <span class='ocrx_word' id='word_1_216' title='bbox 471 3624 497 3672; x_wconf 89' lang='lat' dir='ltr'><strong>p.</strong></span> <span class='ocrx_word' id='word_1_217' title='bbox 518 3603 591 3670; x_wconf 72' lang='lat'>835]</span> 
     </span>
    </p>
   </div>
   <div class='ocr_carea' id='block_1_4' title="bbox 303 3695 1049 3764">
    <p class='ocr_par' dir='ltr' id='par_1_13' title="bbox 303 3695 1049 3764">
     <span class='ocr_line' id='line_1_38' title="bbox 303 3695 1049 3764; baseline -0.005 -17"><span class='ocrx_word' id='word_1_218' title='bbox 303 3697 361 3748; x_wconf 90' lang='lat' dir='ltr'><strong>Hoc</strong></span> <span class='ocrx_word' id='word_1_219' title='bbox 376 3706 478 3752; x_wconf 81' lang='lat' dir='ltr'><strong>carmen</strong></span> <span class='ocrx_word' id='word_1_220' title='bbox 496 3699 640 3764; x_wconf 81' lang='lat' dir='ltr'><strong>praefixum</strong></span> <span class='ocrx_word' id='word_1_221' title='bbox 660 3705 699 3748; x_wconf 88' lang='lat' dir='ltr'><strong>est</strong></span> <span class='ocrx_word' id='word_1_222' title='bbox 715 3696 796 3762; x_wconf 87' lang='lat' dir='ltr'><strong>priori</strong></span> <span class='ocrx_word' id='word_1_223' title='bbox 816 3696 922 3746; x_wconf 85' lang='lat' dir='ltr'><strong>editioni</strong></span> <span class='ocrx_word' id='word_1_224' title='bbox 939 3695 1049 3746; x_wconf 84' lang='lat' dir='ltr'><strong>Manilii.</strong></span> 
     </span>
    </p>
   </div>
   <div class='ocr_carea' id='block_1_5' title="bbox 0 0 1537 4492">
    <p class='ocr_par' dir='ltr' id='par_1_14' title="bbox 0 0 1537 4492">
     <span class='ocr_line' id='line_1_39' title="bbox 0 0 1537 4492; baseline 0 0"><span class='ocrx_word' id='word_1_225' title='bbox 0 0 1537 4492; x_wconf 95' lang='lat' dir='ltr'><strong> </strong></span> 
     </span>
    </p>
   </div>
  </div>
 </body>
</html>
