3059 4492
743 484 894 579 3⁰-

358 650 407 717 Τα
431 651 583 718 ύπλουτος
602 649 678 733 ἀνὴρ
701 649 737 713 ού
760 648 875 733 γένοιτ’
898 647 935 712 ἄν
960 648 1070 717 δεξιός.
1159 717 1163 723 ,

351 675 469 823 Ὀλβος
491 735 563 800 κάθ’
585 735 680 798 αὑτοῦ
701 734 799 819 χρῆμ’
822 733 992 797 ἀσύστατον
1019 732 1119 817 φύσει.

360 820 485 906 Βαρεῖα
506 825 593 904 μῆνις
613 818 719 882 οὐδέν’
742 818 838 884 εἴωθε
861 821 995 881 σκοπεῖν.

360 904 427 971 Ούκ
448 903 510 968 ἔστ’
535 903 675 966 ἀνελθεῖν
697 903 818 981 ἐνθάδ’,
839 903 911 966 ὅθεν
936 901 1020 987 ἔβης,
1043 901 1132 987 βαρύ.

359 988 397 1055 T’
417 988 471 1058 σός
494 991 647 1072 δημοτῶν,
670 989 750 1050 τότ’
774 987 871 1072 ὄμμα,
895 988 1047 1070 μάρτυρες
1066 986 1168 1049 κακοί.

360 1076 478 1143 Φιλους
498 1075 632 1137 ἐπαινεῖν
656 1071 788 1157 φανερὰ,
811 1072 969 1135 νουθετεῖν
990 1071 1104 1155 λάθρα.

357 1156 412 1228 Εἰς
432 1158 504 1228 τοὺς
526 1158 699 1242 φοβούντας
723 1159 739 1221 ό
765 1156 863 1242 φόβος
883 1156 1111 1227 ἀναποδίζεται.

353 1241 461 1312 Ἐλπὶς
485 1241 631 1328 βραβείου
652 1241 723 1309 τοὺς
740 1240 856 1309 πόνους
875 1245 1057 1324 παρηγορεῖ.

357 1325 401 1392 Τδ
424 1329 497 1391 ποῖά
522 1326 658 1410 ἄφυκτον
681 1326 826 1405 δεδιέναι,
845 1326 926 1409 πρδς
949 1323 1095 1408 ἄφρονος.

351 1410 409 1480 Ὣς
433 1411 559 1487 ἄτοπον,
582 1409 687 1494 ἄρχειν
711 1417 771 1473 τῶν
793 1410 901 1485 πέλας,
922 1410 1018 1473 αὑτοῦ
1044 1409 1078 1472 δὲ
1099 1410 1162 1492 μήθ

357 1495 458 1580 Σκευὴ
482 1495 514 1560 δ’
536 1494 669 1558 ύποπτόν
694 1495 757 1557 ἐστι
779 1499 842 1563 τοῖς
863 1492 1062 1576 ὠνουμένοις.

358 1578 469 1665 Κίμβιξ
491 1585 621 1643 τοσοῦτο
646 1579 720 1642 δεῖτ’
745 1577 839 1664 ἔχων,
863 1579 936 1641 ὅσον
960 1577 1016 1641 οὐκ
1036 1576 1130 1662 ἔχων.

358 1662 470 1749 Κίμβιξ
492 1665 508 1728 ἓ
528 1665 622 1739 λιτὸν,
645 1664 746 1731 δειλὸς
767 1663 886 1749 εὐλαβῆ
907 1665 1007 1727 καλεῖ.
1025 1723 1029 1730 ,

350 1743 543 1834 Ὕπαισχρος
565 1747 660 1811 ἔνδει’
675 1749 749 1832 -ἥτις
771 1747 806 1811 ἐκ
828 1748 919 1831 δόξης
940 1746 1011 1831 ἔφυ.

357 1829 483 1917 Βουλὴν
504 1837 631 1917 ταχεῖαν
655 1834 828 1916 μετάμελος
849 1831 1040 1916 μετέρχεται.

360 1917 472 2002 Φέρων
492 1918 627 1981 παλαιὰν
654 1919 749 2003 ὕβριν,
773 1918 914 1984 ἐκκαλεῖς
935 1915 1018 1979 νέαν.

358 2001 477 2066 Ψειιτδν
498 2003 596 2066 πάλαι
621 2003 687 2086 μὲν,
709 2007 760 2064 νῦν
782 2002 818 2065 δέ
839 2002 955 2064 θωπεί’
976 1999 1039 2064 ἔστ’
1062 1995 1146 2066 ἔθος.

698 2165 936 2234 ΤΡΟΧΑΙΚΟΙ.

350 2248 448 2317 Ὅσον
473 2253 517 2316 ἐνὶ
535 2254 639 2339 κύβοις
649 2256 772 2340 τρίβων,
783 2253 873 2317 τόσον
889 2251 962 2316 ἔσθ’
977 2255 993 2316 ό
1007 2253 1158 2338 κυβευτὴς
1170 2251 1276 2322 κακός.

359 2337 494 2400 Δόναται
520 2337 588 2401 οὔτ’
610 2340 750 2421 ἀνδρεῖος
770 2339 865 2424 ύβριν,
889 2338 961 2401 οὔτε
986 2339 1136 2419 γεννάδας
1158 2337 1277 2421 φέρειν.

360 2421 475 2507 Αἷχρυς
495 2426 538 2491 ὡς
559 2423 613 2487 εύσ
636 2423 716 2507 ημόν
739 2423 813 2499 ἐστι,
833 2428 893 2485 τῶν
915 2426 1020 2485 καλῶν
1044 2421 1244 2506 ὑπερθανεῖν.

349 2500 456 2576 Ὅστις
476 2506 540 2570 ἐστι
563 2447 660 2592 φυβθς
681 2507 797 2582 ἄοικος,
816 2505 906 2575 οὗτός
929 2506 992 2570 ἐστ’
1008 2506 1134 2591 ’ἄταφος
1153 2506 1256 2576 νέκυς.

359 2586 405 2653 Οίι
426 2597 577 2673 γυναικῶν
600 2593 802 2674 ἐπιμελεῖται,
823 2593 902 2675 πλὴν
927 2591 1071 2659 δύσελπις
1082 2595 1136 2674 τῆς
1148 2593 1275 2677 σχολῆς.

356 2671 530 2760 Ἐπιτυχὼν
549 2677 662 2782 γίγρως,
684 2679 781 2760 μάτην
803 2677 913 2745 ποθεῖς
938 2677 1121 2762 ἀνηβάσκειν
1144 2678 1250 2738 πάλιν.

359 2755 412 2842 Τῷ
431 2760 535 2841 κράτει
554 2783 694 2828 σονοικος
715 2762 790 2844 ὀργὴ
815 2761 948 2843 σκηπτός
969 2761 1049 2823 ἐστιν
1073 2760 1221 2844 ὀίύπληῖ.

327 2858 328 2863 ’
357 2840 400 2904 Σύ
421 2843 510 2927 χάριν
524 2843 702 2928 εὐτυχοῦντι
711 2846 842 2928 χρήσας,
856 2840 1015 2930 δυστυχῶν
1028 2845 1275 2930 ἀπολαμβάνοις.

352 2925 467 3010 Ἀλγος
489 2928 520 2990 ἐν
541 2930 687 3013 βασάνοις
710 2929 836 3014 ἄφωνόν
859 2931 937 2993 ἐστιν
962 2931 1168 2993 ἀθλιώτατον.

353 3009 422 3074 Ὑπ’
451 3012 665 3076 ἀνυπευθύνου
691 3012 767 3097 μάλ’
790 3014 901 3098 ἀνδρός
924 3015 1004 3077 ἐστιν
1025 3014 1171 3160 ὑβρίσθαι
1184 3014 1275 3100 βαρύ.

351 3093 438 3160 Ἐστι
457 3097 495 3181 δὴ
519 3099 645 3182 μνήμων
669 3099 783 3162 ἑαυτοῦ
807 3101 823 3163 ό
847 3100 944 3161 ἐλεῶν
967 3101 1017 3162 τδν
1063 3103 1193 3183 υστοχῆ.

357 3181 508 3266 Δεύτερος
530 3185 664 3266 ναυηγδς
687 3183 743 3246 ούκ
765 3181 800 3246 εύ
826 3181 867 3267 τῇ
889 3182 1027 3268 θαλάττῃ
1052 3181 1221 3268 μέμφεται.

352 3263 405 3329 Ἐν
429 3270 536 3336 κακοῖς
557 3267 682 3353 θαρβεἴν
706 3267 741 3330 ἄν
767 3266 815 3350 εἴη
838 3269 917 3351 πλὴν
939 3267 1060 3342 ἀθώου,
1085 3267 1229 3351 μηδενός.

353 3347 472 3436 Ὀλβος
485 3349 524 3415 αύ
549 3353 658 3437 φίλους
682 3351 776 3428 ἔτεξε,
797 3351 944 3436 συμφορὰ
967 3354 999 3416 δ’
1020 3352 1193 3437 ἐλέγχεται.

358 3434 462 3518 Θυμδν
484 3434 608 3518 ἔγκοτον
634 3437 793 3520 δαμάζων,
816 3436 967 3520 πολέμιον
989 3443 1059 3522 νικᾷ
1080 3436 1188 3521 μέγαν.

354 3516 479 3605 Εὐτυχῆ
503 3522 606 3583 καλῶν
631 3544 676 3597 σε,
697 3521 776 3584 κατὰ
797 3526 854 3584 σού
876 3524 929 3603 τὴν
952 3520 1047 3608 τύχην
1068 3522 1256 3628 ἐρεοχελεῖς.

357 3599 417 3665 Τὸν
443 3603 531 3687 φιλον
555 3605 675 3686 κτήσαιτ’
701 3605 736 3668 ἄν
758 3606 872 3689 ἐχθρὸν
894 3610 937 3675 ὡς
956 3608 1166 3690 γενησόμενον
1186 3627 1273 3668 ποτε.

356 3683 435 3748 Πάσ’
460 3685 645 3772 ἐπίστροφον
669 3688 801 3773 μεγίστῳ
820 3688 951 3775 κινδύνῳ
974 3691 1179 3775 φυλάσσεται.
