<?xml version="1.0" encoding="UTF-8"?>
<!DOCTYPE html PUBLIC "-//W3C//DTD XHTML 1.0 Transitional//EN"
    "http://www.w3.org/TR/xhtml1/DTD/xhtml1-transitional.dtd">
<html xmlns="http://www.w3.org/1999/xhtml" xml:lang="en" lang="en">
 <head>
  <title>
</title>
<meta http-equiv="Content-Type" content="text/html;charset=utf-8" />
  <meta name='ocr-system' content='tesseract 3.04.00' />
  <meta name='ocr-capabilities' content='ocr_page ocr_carea ocr_par ocr_line ocrx_word'/>
</head>
<body>
  <div class='ocr_page' id='page_1' title='image "./poemataomnia01scalgoog_0070.png"; bbox 0 0 3059 4492; ppageno 0'>
   <div class='ocr_carea' id='block_1_1' title="bbox 729 446 878 540">
    <p class='ocr_par' dir='ltr' id='par_1_1' title="bbox 729 446 878 540">
     <span class='ocr_line' id='line_1_1' title="bbox 729 446 878 540; baseline 0 -34"><span class='ocrx_word' id='word_1_1' title='bbox 729 446 878 540; x_wconf 63' lang='lat' dir='ltr'>-lss-</span> 
     </span>
    </p>
   </div>
   <div class='ocr_carea' id='block_1_2' title="bbox 347 614 1259 3748">
    <p class='ocr_par' dir='ltr' id='par_1_2' title="bbox 347 614 1191 779">
     <span class='ocr_line' id='line_1_2' title="bbox 347 614 1108 693; baseline -0.005 -17"><span class='ocrx_word' id='word_1_2' title='bbox 347 614 415 676; x_wconf 87' lang='lat' dir='ltr'>Nec</span> <span class='ocrx_word' id='word_1_3' title='bbox 435 614 590 693; x_wconf 74' lang='lat' dir='ltr'>pressisse</span> <span class='ocrx_word' id='word_1_4' title='bbox 611 614 668 673; x_wconf 90' lang='lat' dir='ltr'>tibi</span> <span class='ocrx_word' id='word_1_5' title='bbox 689 625 738 676; x_wconf 84' lang='lat' dir='ltr'>sat</span> <span class='ocrx_word' id='word_1_6' title='bbox 762 617 803 676; x_wconf 87' lang='lat' dir='ltr'>sit</span> <span class='ocrx_word' id='word_1_7' title='bbox 824 614 953 692; x_wconf 82' lang='lat' dir='ltr'>vestigia</span> <span class='ocrx_word' id='word_1_8' title='bbox 973 632 1108 672; x_wconf 86' lang='lat' dir='ltr'>avorum.</span> 
     </span>
     <span class='ocr_line' id='line_1_3' title="bbox 390 698 1191 779; baseline 0 -21"><span class='ocrx_word' id='word_1_9' title='bbox 390 701 451 759; x_wconf 79' lang='lat' dir='ltr'>Fac</span> <span class='ocrx_word' id='word_1_10' title='bbox 474 717 595 775; x_wconf 89' lang='lat' dir='ltr'>quoque</span> <span class='ocrx_word' id='word_1_11' title='bbox 619 699 662 758; x_wconf 87' lang='lat' dir='ltr'>sis</span> <span class='ocrx_word' id='word_1_12' title='bbox 683 709 786 760; x_wconf 87' lang='lat' dir='ltr'>tantae</span> <span class='ocrx_word' id='word_1_13' title='bbox 810 720 882 779; x_wconf 87' lang='lat' dir='ltr'>pars</span> <span class='ocrx_word' id='word_1_14' title='bbox 902 699 1050 757; x_wconf 88' lang='lat' dir='ltr'>imitanda</span> <span class='ocrx_word' id='word_1_15' title='bbox 1073 698 1191 758; x_wconf 83' lang='lat' dir='ltr'>domus.</span> 
     </span>
    </p>

    <p class='ocr_par' dir='ltr' id='par_1_3' title="bbox 347 783 1133 930">
     <span class='ocr_line' id='line_1_4' title="bbox 347 783 1133 846; baseline -0.003 -2"><span class='ocrx_word' id='word_1_16' title='bbox 347 783 415 844; x_wconf 89' lang='lat' dir='ltr'>Nec</span> <span class='ocrx_word' id='word_1_17' title='bbox 433 791 550 846; x_wconf 87' lang='lat' dir='ltr'>tantum</span> <span class='ocrx_word' id='word_1_18' title='bbox 572 783 627 842; x_wconf 88' lang='lat' dir='ltr'>tibi</span> <span class='ocrx_word' id='word_1_19' title='bbox 649 785 788 844; x_wconf 87' lang='lat' dir='ltr'>militiam</span> <span class='ocrx_word' id='word_1_20' title='bbox 810 784 992 844; x_wconf 77' lang='lat' dir='ltr'>transcribat</span> <span class='ocrx_word' id='word_1_21' title='bbox 1012 783 1133 844; x_wconf 78' lang='lat' dir='ltr'>honesti</span> 
     </span>
     <span class='ocr_line' id='line_1_5' title="bbox 390 868 1076 930; baseline -0.004 -2"><span class='ocrx_word' id='word_1_22' title='bbox 390 869 526 928; x_wconf 89' lang='lat' dir='ltr'>Muneris</span> <span class='ocrx_word' id='word_1_23' title='bbox 546 869 672 928; x_wconf 87' lang='lat' dir='ltr'>emerito</span> <span class='ocrx_word' id='word_1_24' title='bbox 691 870 812 930; x_wconf 87' lang='lat' dir='ltr'>functus</span> <span class='ocrx_word' id='word_1_25' title='bbox 835 873 948 929; x_wconf 90' lang='lat' dir='ltr'>honore</span> <span class='ocrx_word' id='word_1_26' title='bbox 968 868 1076 928; x_wconf 84' lang='lat' dir='ltr'>Pater:</span> 
     </span>
    </p>

    <p class='ocr_par' dir='ltr' id='par_1_4' title="bbox 347 953 1119 1115">
     <span class='ocr_line' id='line_1_6' title="bbox 347 953 1119 1031; baseline -0.005 -16"><span class='ocrx_word' id='word_1_27' title='bbox 347 954 572 1015; x_wconf 74' lang='lat' dir='ltr'>verumetiam</span> <span class='ocrx_word' id='word_1_28' title='bbox 594 954 727 1031; x_wconf 87' lang='lat' dir='ltr'>propriis</span> <span class='ocrx_word' id='word_1_29' title='bbox 746 956 831 1014; x_wconf 90' lang='lat' dir='ltr'>illam</span> <span class='ocrx_word' id='word_1_30' title='bbox 856 953 1015 1014; x_wconf 85' lang='lat' dir='ltr'>virtutibus</span> <span class='ocrx_word' id='word_1_31' title='bbox 1036 972 1119 1012; x_wconf 82' lang='lat' dir='ltr'>orna.</span> 
     </span>
     <span class='ocr_line' id='line_1_7' title="bbox 390 1037 1036 1115; baseline -0.005 -17"><span class='ocrx_word' id='word_1_32' title='bbox 390 1037 467 1098; x_wconf 86' lang='lat' dir='ltr'>Cum</span> <span class='ocrx_word' id='word_1_33' title='bbox 485 1038 600 1115; x_wconf 83' lang='lat' dir='ltr'>patrias</span> <span class='ocrx_word' id='word_1_34' title='bbox 621 1039 668 1096; x_wconf 89' lang='lat' dir='ltr'>illi</span> <span class='ocrx_word' id='word_1_35' title='bbox 688 1041 835 1113; x_wconf 74' lang='lat' dir='ltr'>inunctis,</span> <span class='ocrx_word' id='word_1_36' title='bbox 858 1039 935 1098; x_wconf 89' lang='lat' dir='ltr'>adde</span> <span class='ocrx_word' id='word_1_37' title='bbox 957 1046 1036 1096; x_wconf 87' lang='lat' dir='ltr'>tuas.</span> 
     </span>
    </p>

    <p class='ocr_par' dir='ltr' id='par_1_5' title="bbox 348 1121 1259 1270">
     <span class='ocr_line' id='line_1_8' title="bbox 348 1121 1259 1207; baseline -0.008 -21"><span class='ocrx_word' id='word_1_38' title='bbox 348 1123 411 1186; x_wconf 80' lang='lat' dir='ltr'>Sed</span> <span class='ocrx_word' id='word_1_39' title='bbox 431 1126 544 1184; x_wconf 89' lang='lat' dir='ltr'>frustra</span> <span class='ocrx_word' id='word_1_40' title='bbox 561 1125 671 1200; x_wconf 78' lang='lat' dir='ltr'>precor</span> <span class='ocrx_word' id='word_1_41' title='bbox 692 1126 778 1183; x_wconf 85' lang='lat' dir='ltr'>haec.</span> <span class='ocrx_word' id='word_1_42' title='bbox 804 1133 912 1207; x_wconf 81' lang='lat' dir='ltr'>tenues</span> <span class='ocrx_word' id='word_1_43' title='bbox 933 1123 1091 1200; x_wconf 88' lang='lat' dir='ltr'>rapiuntur</span> <span class='ocrx_word' id='word_1_44' title='bbox 1111 1121 1144 1179; x_wconf 91' lang='lat' dir='ltr'>in</span> <span class='ocrx_word' id='word_1_45' title='bbox 1167 1138 1259 1179; x_wconf 87' lang='lat' dir='ltr'>auras</span> 
     </span>
     <span class='ocr_line' id='line_1_9' title="bbox 386 1210 977 1270; baseline -0.005 -2"><span class='ocrx_word' id='word_1_46' title='bbox 386 1210 531 1268; x_wconf 77' lang='lat' dir='ltr'>Fatorum</span> <span class='ocrx_word' id='word_1_47' title='bbox 551 1227 642 1266; x_wconf 88' lang='lat' dir='ltr'>caeco</span> <span class='ocrx_word' id='word_1_48' title='bbox 666 1211 785 1268; x_wconf 90' lang='lat' dir='ltr'>turbine</span> <span class='ocrx_word' id='word_1_49' title='bbox 801 1217 880 1270; x_wconf 80' lang='lat' dir='ltr'>vota</span> <span class='ocrx_word' id='word_1_50' title='bbox 900 1227 977 1266; x_wconf 88' lang='lat' dir='ltr'>mea.</span> 
     </span>
    </p>

    <p class='ocr_par' dir='ltr' id='par_1_6' title="bbox 349 1289 1143 1456">
     <span class='ocr_line' id='line_1_10' title="bbox 349 1289 1143 1369; baseline -0.006 -16"><span class='ocrx_word' id='word_1_51' title='bbox 349 1294 442 1369; x_wconf 77' lang='lat' dir='ltr'>Quod</span> <span class='ocrx_word' id='word_1_52' title='bbox 464 1293 560 1352; x_wconf 82' lang='lat' dir='ltr'>solum</span> <span class='ocrx_word' id='word_1_53' title='bbox 582 1293 676 1369; x_wconf 87' lang='lat' dir='ltr'>potui,</span> <span class='ocrx_word' id='word_1_54' title='bbox 699 1296 825 1354; x_wconf 88' lang='lat' dir='ltr'>summis</span> <span class='ocrx_word' id='word_1_55' title='bbox 846 1303 876 1352; x_wconf 90' lang='lat' dir='ltr'>te</span> <span class='ocrx_word' id='word_1_56' title='bbox 895 1293 981 1364; x_wconf 87' lang='lat' dir='ltr'>iuris,</span> <span class='ocrx_word' id='word_1_57' title='bbox 1004 1297 1034 1348; x_wconf 93' lang='lat' dir='ltr'>et</span> <span class='ocrx_word' id='word_1_58' title='bbox 1055 1289 1143 1365; x_wconf 88' lang='lat' dir='ltr'>aequi</span> 
     </span>
     <span class='ocr_line' id='line_1_11' title="bbox 390 1377 1048 1456; baseline -0.008 -18"><span class='ocrx_word' id='word_1_59' title='bbox 390 1377 515 1438; x_wconf 82' lang='lat' dir='ltr'>Artibus</span> <span class='ocrx_word' id='word_1_60' title='bbox 537 1378 627 1436; x_wconf 85' lang='lat' dir='ltr'>eduxi</span> <span class='ocrx_word' id='word_1_61' title='bbox 647 1379 747 1439; x_wconf 90' lang='lat' dir='ltr'>laudis</span> <span class='ocrx_word' id='word_1_62' title='bbox 772 1380 811 1438; x_wconf 88' lang='lat' dir='ltr'>ad</span> <span class='ocrx_word' id='word_1_63' title='bbox 832 1398 920 1438; x_wconf 86' lang='lat' dir='ltr'>omne</span> <span class='ocrx_word' id='word_1_64' title='bbox 942 1394 1048 1456; x_wconf 85' lang='lat' dir='ltr'>genus.</span> 
     </span>
    </p>

    <p class='ocr_par' dir='ltr' id='par_1_7' title="bbox 348 1458 1199 1625">
     <span class='ocr_line' id='line_1_12' title="bbox 348 1458 1199 1539; baseline -0.007 -17"><span class='ocrx_word' id='word_1_65' title='bbox 348 1465 435 1522; x_wconf 88' lang='lat' dir='ltr'>Haec</span> <span class='ocrx_word' id='word_1_66' title='bbox 455 1463 609 1539; x_wconf 85' lang='lat' dir='ltr'>patefacta</span> <span class='ocrx_word' id='word_1_67' title='bbox 629 1463 679 1522; x_wconf 90' lang='lat' dir='ltr'>via</span> <span class='ocrx_word' id='word_1_68' title='bbox 702 1472 759 1537; x_wconf 88' lang='lat' dir='ltr'>cst,</span> <span class='ocrx_word' id='word_1_69' title='bbox 782 1465 917 1523; x_wconf 81' lang='lat' dir='ltr'>sinerent</span> <span class='ocrx_word' id='word_1_70' title='bbox 939 1483 956 1520; x_wconf 95' lang='lat'>0</span> <span class='ocrx_word' id='word_1_71' title='bbox 977 1469 1097 1519; x_wconf 85' lang='lat' dir='ltr'>caetera</span> <span class='ocrx_word' id='word_1_72' title='bbox 1117 1458 1199 1517; x_wconf 90' lang='lat' dir='ltr'>Divi.</span> 
     </span>
     <span class='ocr_line' id='line_1_13' title="bbox 390 1547 1095 1625; baseline -0.004 -19"><span class='ocrx_word' id='word_1_73' title='bbox 390 1548 547 1607; x_wconf 77' lang='lat' dir='ltr'>Hactenus</span> <span class='ocrx_word' id='word_1_74' title='bbox 569 1549 713 1625; x_wconf 82' lang='lat' dir='ltr'>auspiciis</span> <span class='ocrx_word' id='word_1_75' title='bbox 731 1550 787 1606; x_wconf 92' lang='lat' dir='ltr'>hoc</span> <span class='ocrx_word' id='word_1_76' title='bbox 807 1557 895 1625; x_wconf 84' lang='lat' dir='ltr'>potes</span> <span class='ocrx_word' id='word_1_77' title='bbox 918 1565 987 1607; x_wconf 84' lang='lat' dir='ltr'>esse</span> <span class='ocrx_word' id='word_1_78' title='bbox 1008 1547 1095 1604; x_wconf 88' lang='lat' dir='ltr'>meis.</span> 
     </span>
    </p>

    <p class='ocr_par' dir='ltr' id='par_1_8' title="bbox 349 1632 1162 1796">
     <span class='ocr_line' id='line_1_14' title="bbox 349 1632 1162 1709; baseline -0.005 -17"><span class='ocrx_word' id='word_1_79' title='bbox 349 1633 493 1702; x_wconf 75' lang='lat' dir='ltr'>Dixerat,</span> <span class='ocrx_word' id='word_1_80' title='bbox 516 1640 546 1690; x_wconf 91' lang='lat' dir='ltr'>et</span> <span class='ocrx_word' id='word_1_81' title='bbox 566 1633 711 1692; x_wconf 80' lang='lat' dir='ltr'>lacrimae</span> <span class='ocrx_word' id='word_1_82' title='bbox 730 1635 824 1692; x_wconf 87' lang='lat' dir='ltr'>verba</span> <span class='ocrx_word' id='word_1_83' title='bbox 843 1632 1021 1709; x_wconf 86' lang='lat' dir='ltr'>imperfecta</span> <span class='ocrx_word' id='word_1_84' title='bbox 1040 1637 1162 1691; x_wconf 82' lang='lat' dir='ltr'>secutae</span> 
     </span>
     <span class='ocr_line' id='line_1_15' title="bbox 394 1717 960 1796; baseline -0.005 -18"><span class='ocrx_word' id='word_1_85' title='bbox 394 1717 534 1795; x_wconf 81' lang='lat' dir='ltr'>Singultu</span> <span class='ocrx_word' id='word_1_86' title='bbox 553 1717 670 1777; x_wconf 88' lang='lat' dir='ltr'>medios</span> <span class='ocrx_word' id='word_1_87' title='bbox 695 1719 832 1796; x_wconf 86' lang='lat' dir='ltr'>eripuere</span> <span class='ocrx_word' id='word_1_88' title='bbox 855 1737 960 1777; x_wconf 86' lang='lat' dir='ltr'>sonos.</span> 
     </span>
    </p>

    <p class='ocr_par' dir='ltr' id='par_1_9' title="bbox 349 1802 1128 1964">
     <span class='ocr_line' id='line_1_16' title="bbox 349 1802 1079 1881; baseline -0.007 -19"><span class='ocrx_word' id='word_1_89' title='bbox 349 1802 464 1862; x_wconf 80' lang='lat' dir='ltr'>Fatalis</span> <span class='ocrx_word' id='word_1_90' title='bbox 481 1802 610 1874; x_wconf 88' lang='lat' dir='ltr'>iuvenis,</span> <span class='ocrx_word' id='word_1_91' title='bbox 628 1804 798 1862; x_wconf 87' lang='lat' dir='ltr'>iustissima</span> <span class='ocrx_word' id='word_1_92' title='bbox 819 1822 890 1862; x_wconf 90' lang='lat' dir='ltr'>cura</span> <span class='ocrx_word' id='word_1_93' title='bbox 909 1807 1079 1881; x_wconf 89' lang='lat' dir='ltr'>parentum,</span> 
     </span>
     <span class='ocr_line' id='line_1_17' title="bbox 391 1885 1128 1964; baseline 0 -20"><span class='ocrx_word' id='word_1_94' title='bbox 391 1886 477 1961; x_wconf 78' lang='lat' dir='ltr'>Quae</span> <span class='ocrx_word' id='word_1_95' title='bbox 500 1894 549 1946; x_wconf 88' lang='lat' dir='ltr'>sat</span> <span class='ocrx_word' id='word_1_96' title='bbox 570 1887 627 1946; x_wconf 89' lang='lat' dir='ltr'>erit</span> <span class='ocrx_word' id='word_1_97' title='bbox 646 1888 731 1947; x_wconf 85' lang='lat' dir='ltr'>morti</span> <span class='ocrx_word' id='word_1_98' title='bbox 754 1897 870 1948; x_wconf 89' lang='lat' dir='ltr'>moesta</span> <span class='ocrx_word' id='word_1_99' title='bbox 892 1885 1014 1964; x_wconf 86' lang='lat' dir='ltr'>querela</span> <span class='ocrx_word' id='word_1_100' title='bbox 1034 1886 1128 1944; x_wconf 78' lang='lat' dir='ltr'>tuae?</span> 
     </span>
    </p>

    <p class='ocr_par' dir='ltr' id='par_1_10' title="bbox 349 1970 1091 2134">
     <span class='ocr_line' id='line_1_18' title="bbox 349 1970 1050 2048; baseline -0.004 -15"><span class='ocrx_word' id='word_1_101' title='bbox 349 1971 493 2048; x_wconf 81' lang='lat' dir='ltr'>Aspicis?</span> <span class='ocrx_word' id='word_1_102' title='bbox 516 1979 612 2030; x_wconf 80' lang='lat' dir='ltr'>atrato</span> <span class='ocrx_word' id='word_1_103' title='bbox 635 1973 735 2032; x_wconf 88' lang='lat' dir='ltr'>sordet</span> <span class='ocrx_word' id='word_1_104' title='bbox 754 1990 834 2031; x_wconf 90' lang='lat' dir='ltr'>nunc</span> <span class='ocrx_word' id='word_1_105' title='bbox 852 1975 935 2033; x_wconf 89' lang='lat' dir='ltr'>curia</span> <span class='ocrx_word' id='word_1_106' title='bbox 955 1970 1050 2030; x_wconf 84' lang='lat' dir='ltr'>cultu:</span> 
     </span>
     <span class='ocr_line' id='line_1_19' title="bbox 391 2057 1091 2134; baseline -0.004 -19"><span class='ocrx_word' id='word_1_107' title='bbox 391 2057 605 2133; x_wconf 84' lang='lat' dir='ltr'>Iustitiamque</span> <span class='ocrx_word' id='word_1_108' title='bbox 626 2058 714 2116; x_wconf 88' lang='lat' dir='ltr'>hodie</span> <span class='ocrx_word' id='word_1_109' title='bbox 737 2059 876 2134; x_wconf 91' lang='lat' dir='ltr'>publicus</span> <span class='ocrx_word' id='word_1_110' title='bbox 897 2057 981 2116; x_wconf 91' lang='lat' dir='ltr'>urbis</span> <span class='ocrx_word' id='word_1_111' title='bbox 1005 2074 1091 2113; x_wconf 89' lang='lat' dir='ltr'>amor</span> 
     </span>
    </p>

    <p class='ocr_par' dir='ltr' id='par_1_11' title="bbox 350 2142 1137 2305">
     <span class='ocr_line' id='line_1_20' title="bbox 350 2142 1137 2210; baseline 0 -12"><span class='ocrx_word' id='word_1_112' title='bbox 350 2142 474 2200; x_wconf 82' lang='lat' dir='ltr'>Indixit.</span> <span class='ocrx_word' id='word_1_113' title='bbox 517 2149 583 2200; x_wconf 88' lang='lat' dir='ltr'>tota</span> <span class='ocrx_word' id='word_1_114' title='bbox 604 2149 652 2200; x_wconf 91' lang='lat' dir='ltr'>est</span> <span class='ocrx_word' id='word_1_115' title='bbox 672 2145 746 2204; x_wconf 87' lang='lat' dir='ltr'>urbs</span> <span class='ocrx_word' id='word_1_116' title='bbox 769 2144 883 2202; x_wconf 56' lang='lat' dir='ltr'>funere⁴</span> <span class='ocrx_word' id='word_1_117' title='bbox 896 2144 986 2200; x_wconf 86' lang='lat' dir='ltr'>funus</span> <span class='ocrx_word' id='word_1_118' title='bbox 1010 2142 1042 2200; x_wconf 90' lang='lat' dir='ltr'>in</span> <span class='ocrx_word' id='word_1_119' title='bbox 1064 2158 1137 2210; x_wconf 82' lang='lat' dir='ltr'>uno,</span> 
     </span>
     <span class='ocr_line' id='line_1_21' title="bbox 392 2227 1055 2305; baseline -0.002 -21"><span class='ocrx_word' id='word_1_120' title='bbox 392 2227 433 2284; x_wconf 78' lang='lat' dir='ltr'>Iit</span> <span class='ocrx_word' id='word_1_121' title='bbox 452 2233 539 2302; x_wconf 88' lang='lat' dir='ltr'>putat</span> <span class='ocrx_word' id='word_1_122' title='bbox 562 2227 662 2284; x_wconf 86' lang='lat' dir='ltr'>efferri</span> <span class='ocrx_word' id='word_1_123' title='bbox 679 2247 714 2287; x_wconf 89' lang='lat' dir='ltr'>se</span> <span class='ocrx_word' id='word_1_124' title='bbox 735 2248 857 2305; x_wconf 86' lang='lat' dir='ltr'>quoque</span> <span class='ocrx_word' id='word_1_125' title='bbox 875 2235 972 2288; x_wconf 88' lang='lat' dir='ltr'>morte</span> <span class='ocrx_word' id='word_1_126' title='bbox 995 2234 1055 2284; x_wconf 86' lang='lat' dir='ltr'>tua.</span> 
     </span>
    </p>

    <p class='ocr_par' dir='ltr' id='par_1_12' title="bbox 349 2311 1142 2472">
     <span class='ocr_line' id='line_1_22' title="bbox 349 2311 1142 2387; baseline -0.001 -18"><span class='ocrx_word' id='word_1_127' title='bbox 349 2311 421 2369; x_wconf 87' lang='lat' dir='ltr'>Heu</span> <span class='ocrx_word' id='word_1_128' title='bbox 441 2319 585 2387; x_wconf 88' lang='lat' dir='ltr'>qnantum</span> <span class='ocrx_word' id='word_1_129' title='bbox 605 2319 653 2370; x_wconf 89' lang='lat' dir='ltr'>est</span> <span class='ocrx_word' id='word_1_130' title='bbox 675 2332 751 2372; x_wconf 87' lang='lat' dir='ltr'>aevo</span> <span class='ocrx_word' id='word_1_131' title='bbox 771 2314 884 2372; x_wconf 89' lang='lat' dir='ltr'>crimen</span> <span class='ocrx_word' id='word_1_132' title='bbox 896 2314 1022 2371; x_wconf 69' lang='lat' dir='ltr'>&#39;factura</span> <span class='ocrx_word' id='word_1_133' title='bbox 1040 2311 1142 2368; x_wconf 87' lang='lat' dir='ltr'>futuro</span> 
     </span>
     <span class='ocr_line' id='line_1_23' title="bbox 391 2394 1112 2472; baseline 0 -17"><span class='ocrx_word' id='word_1_134' title='bbox 391 2394 462 2455; x_wconf 87' lang='lat' dir='ltr'>Una</span> <span class='ocrx_word' id='word_1_135' title='bbox 482 2396 585 2472; x_wconf 82' lang='lat' dir='ltr'>nigras</span> <span class='ocrx_word' id='word_1_136' title='bbox 606 2399 747 2456; x_wconf 88' lang='lat' dir='ltr'>tenebras</span> <span class='ocrx_word' id='word_1_137' title='bbox 772 2399 852 2460; x_wconf 87' lang='lat' dir='ltr'>inter</span> <span class='ocrx_word' id='word_1_138' title='bbox 874 2398 1014 2457; x_wconf 87' lang='lat' dir='ltr'>habenda</span> <span class='ocrx_word' id='word_1_139' title='bbox 1036 2396 1112 2468; x_wconf 76' lang='lat' dir='ltr'>dies,</span> 
     </span>
    </p>

    <p class='ocr_par' dir='ltr' id='par_1_13' title="bbox 349 2480 1100 2646">
     <span class='ocr_line' id='line_1_24' title="bbox 349 2480 1096 2560; baseline 0.004 -22"><span class='ocrx_word' id='word_1_140' title='bbox 349 2480 436 2554; x_wconf 81' lang='lat' dir='ltr'>Quae</span> <span class='ocrx_word' id='word_1_141' title='bbox 460 2488 558 2538; x_wconf 89' lang='lat' dir='ltr'>mutas</span> <span class='ocrx_word' id='word_1_142' title='bbox 580 2480 678 2558; x_wconf 85' lang='lat' dir='ltr'>leges,</span> <span class='ocrx_word' id='word_1_143' title='bbox 701 2485 858 2560; x_wconf 88' lang='lat' dir='ltr'>sanctique</span> <span class='ocrx_word' id='word_1_144' title='bbox 878 2483 1001 2542; x_wconf 86' lang='lat' dir='ltr'>silentia</span> <span class='ocrx_word' id='word_1_145' title='bbox 1022 2481 1096 2541; x_wconf 85' lang='lat' dir='ltr'>iuris</span> 
     </span>
     <span class='ocr_line' id='line_1_25' title="bbox 393 2562 1100 2646; baseline 0.001 -23"><span class='ocrx_word' id='word_1_146' title='bbox 393 2562 548 2638; x_wconf 74' lang='lat' dir='ltr'>cerneret,</span> <span class='ocrx_word' id='word_1_147' title='bbox 569 2573 660 2641; x_wconf 86' lang='lat' dir='ltr'>atque</span> <span class='ocrx_word' id='word_1_148' title='bbox 681 2569 750 2645; x_wconf 73' lang='lat' dir='ltr'>orbi</span> <span class='ocrx_word' id='word_1_149' title='bbox 772 2568 882 2646; x_wconf 82' lang='lat' dir='ltr'>frigida</span> <span class='ocrx_word' id='word_1_150' title='bbox 902 2586 997 2645; x_wconf 85' lang='lat' dir='ltr'>regna</span> <span class='ocrx_word' id='word_1_151' title='bbox 1018 2565 1100 2625; x_wconf 78' lang='lat' dir='ltr'>fori?</span> 
     </span>
    </p>

    <p class='ocr_par' dir='ltr' id='par_1_14' title="bbox 348 2647 1180 2815">
     <span class='ocr_line' id='line_1_26' title="bbox 348 2647 1180 2727; baseline 0 -21"><span class='ocrx_word' id='word_1_152' title='bbox 348 2647 431 2721; x_wconf 77' lang='lat' dir='ltr'>Quot</span> <span class='ocrx_word' id='word_1_153' title='bbox 451 2649 539 2708; x_wconf 88' lang='lat' dir='ltr'>dotes</span> <span class='ocrx_word' id='word_1_154' title='bbox 562 2650 656 2708; x_wconf 87' lang='lat' dir='ltr'>animi</span> <span class='ocrx_word' id='word_1_155' title='bbox 675 2669 764 2726; x_wconf 90' lang='lat' dir='ltr'>quam</span> <span class='ocrx_word' id='word_1_156' title='bbox 788 2653 882 2727; x_wconf 76' lang='lat' dir='ltr'>parvo</span> <span class='ocrx_word' id='word_1_157' title='bbox 906 2653 1014 2713; x_wconf 88' lang='lat' dir='ltr'>clausit</span> <span class='ocrx_word' id='word_1_158' title='bbox 1034 2653 1066 2708; x_wconf 92' lang='lat' dir='ltr'>in</span> <span class='ocrx_word' id='word_1_159' title='bbox 1087 2648 1180 2709; x_wconf 79' lang='lat' dir='ltr'>orbe?</span> 
     </span>
     <span class='ocr_line' id='line_1_27' title="bbox 390 2734 1068 2815; baseline 0.001 -22"><span class='ocrx_word' id='word_1_160' title='bbox 390 2734 477 2793; x_wconf 89' lang='lat' dir='ltr'>Unus</span> <span class='ocrx_word' id='word_1_161' title='bbox 500 2741 533 2791; x_wconf 94' lang='lat' dir='ltr'>ut</span> <span class='ocrx_word' id='word_1_162' title='bbox 545 2735 712 2809; x_wconf 82' lang='lat' dir='ltr'>occideret,</span> <span class='ocrx_word' id='word_1_163' title='bbox 734 2746 808 2812; x_wconf 89' lang='lat' dir='ltr'>quot</span> <span class='ocrx_word' id='word_1_164' title='bbox 828 2738 946 2815; x_wconf 86' lang='lat' dir='ltr'>pariere</span> <span class='ocrx_word' id='word_1_165' title='bbox 965 2736 1068 2797; x_wconf 79' lang='lat' dir='ltr'>bonai</span> 
     </span>
    </p>

    <p class='ocr_par' dir='ltr' id='par_1_15' title="bbox 348 2817 1236 2983">
     <span class='ocr_line' id='line_1_28' title="bbox 348 2817 1236 2899; baseline 0 -23"><span class='ocrx_word' id='word_1_166' title='bbox 348 2817 401 2891; x_wconf 89' lang='lat' dir='ltr'>Di,</span> <span class='ocrx_word' id='word_1_167' title='bbox 420 2819 528 2893; x_wconf 91' lang='lat' dir='ltr'>quibus</span> <span class='ocrx_word' id='word_1_168' title='bbox 554 2827 601 2877; x_wconf 90' lang='lat' dir='ltr'>est</span> <span class='ocrx_word' id='word_1_169' title='bbox 623 2820 723 2878; x_wconf 85' lang='lat' dir='ltr'>clarae</span> <span class='ocrx_word' id='word_1_170' title='bbox 747 2831 890 2898; x_wconf 89' lang='lat' dir='ltr'>suspecta</span> <span class='ocrx_word' id='word_1_171' title='bbox 909 2823 1045 2899; x_wconf 88' lang='lat' dir='ltr'>potentia</span> <span class='ocrx_word' id='word_1_172' title='bbox 1065 2817 1174 2898; x_wconf 84' lang='lat' dir='ltr'>gentis,</span> <span class='ocrx_word' id='word_1_173' title='bbox 1233 2837 1236 2844; x_wconf 80' lang='grc'><strong><em>’</em></strong></span> 
     </span>
     <span class='ocr_line' id='line_1_29' title="bbox 392 2902 1077 2983; baseline 0.004 -23"><span class='ocrx_word' id='word_1_174' title='bbox 392 2902 468 2978; x_wconf 80' lang='lat' dir='ltr'>Quis</span> <span class='ocrx_word' id='word_1_175' title='bbox 491 2911 623 2962; x_wconf 89' lang='lat' dir='ltr'>vestrum</span> <span class='ocrx_word' id='word_1_176' title='bbox 643 2912 745 2964; x_wconf 88' lang='lat' dir='ltr'>tantae</span> <span class='ocrx_word' id='word_1_177' title='bbox 769 2927 824 2983; x_wconf 88' lang='lat' dir='ltr'>par</span> <span class='ocrx_word' id='word_1_178' title='bbox 846 2909 903 2965; x_wconf 90' lang='lat' dir='ltr'>erit</span> <span class='ocrx_word' id='word_1_179' title='bbox 923 2906 1077 2966; x_wconf 81' lang='lat' dir='ltr'>invidiae?</span> 
     </span>
    </p>

    <p class='ocr_par' dir='ltr' id='par_1_16' title="bbox 348 2987 1106 3147">
     <span class='ocr_line' id='line_1_30' title="bbox 348 2987 1106 3070; baseline 0.007 -26"><span class='ocrx_word' id='word_1_180' title='bbox 348 2987 476 3060; x_wconf 75' lang='lat' dir='ltr'>Inane,</span> <span class='ocrx_word' id='word_1_181' title='bbox 499 2988 625 3065; x_wconf 86' lang='lat' dir='ltr'>deplora</span> <span class='ocrx_word' id='word_1_182' title='bbox 646 2999 806 3068; x_wconf 88' lang='lat' dir='ltr'>congestos</span> <span class='ocrx_word' id='word_1_183' title='bbox 835 2993 946 3070; x_wconf 82' lang='lat' dir='ltr'>stragis</span> <span class='ocrx_word' id='word_1_184' title='bbox 969 3009 1106 3064; x_wconf 75' lang='lat' dir='ltr'>acervos,</span> 
     </span>
     <span class='ocr_line' id='line_1_31' title="bbox 390 3073 1055 3147; baseline 0.006 -17"><span class='ocrx_word' id='word_1_185' title='bbox 390 3073 584 3147; x_wconf 85' lang='lat' dir='ltr'>Plurimaque</span> <span class='ocrx_word' id='word_1_186' title='bbox 603 3074 708 3132; x_wconf 86' lang='lat' dir='ltr'>hostili</span> <span class='ocrx_word' id='word_1_187' title='bbox 728 3076 825 3135; x_wconf 92' lang='lat' dir='ltr'>millia</span> <span class='ocrx_word' id='word_1_188' title='bbox 846 3097 936 3136; x_wconf 86' lang='lat' dir='ltr'>caesa</span> <span class='ocrx_word' id='word_1_189' title='bbox 956 3096 1055 3135; x_wconf 89' lang='lat' dir='ltr'>manu.</span> 
     </span>
    </p>

    <p class='ocr_par' dir='ltr' id='par_1_17' title="bbox 350 3157 1119 3306">
     <span class='ocr_line' id='line_1_32' title="bbox 350 3157 1119 3220; baseline 0.001 -3"><span class='ocrx_word' id='word_1_190' title='bbox 350 3157 463 3217; x_wconf 88' lang='lat' dir='ltr'>Omnia</span> <span class='ocrx_word' id='word_1_191' title='bbox 486 3178 547 3216; x_wconf 92' lang='lat' dir='ltr'>non</span> <span class='ocrx_word' id='word_1_192' title='bbox 568 3166 683 3217; x_wconf 87' lang='lat' dir='ltr'>certent</span> <span class='ocrx_word' id='word_1_193' title='bbox 702 3161 771 3219; x_wconf 90' lang='lat' dir='ltr'>huic</span> <span class='ocrx_word' id='word_1_194' title='bbox 791 3163 843 3220; x_wconf 92' lang='lat' dir='ltr'>uni</span> <span class='ocrx_word' id='word_1_195' title='bbox 867 3163 975 3220; x_wconf 90' lang='lat' dir='ltr'>funera</span> <span class='ocrx_word' id='word_1_196' title='bbox 998 3163 1119 3220; x_wconf 89' lang='lat' dir='ltr'>damno.</span> 
     </span>
     <span class='ocr_line' id='line_1_33' title="bbox 390 3244 955 3306; baseline 0.011 -6"><span class='ocrx_word' id='word_1_197' title='bbox 390 3244 526 3302; x_wconf 87' lang='lat' dir='ltr'>Iacturas</span> <span class='ocrx_word' id='word_1_198' title='bbox 551 3263 658 3303; x_wconf 82' lang='lat' dir='ltr'>omnes</span> <span class='ocrx_word' id='word_1_199' title='bbox 682 3247 783 3304; x_wconf 90' lang='lat' dir='ltr'>obruit</span> <span class='ocrx_word' id='word_1_200' title='bbox 802 3267 863 3306; x_wconf 87' lang='lat' dir='ltr'>una</span> <span class='ocrx_word' id='word_1_201' title='bbox 879 3249 955 3306; x_wconf 88' lang='lat' dir='ltr'>dies.</span> 
     </span>
    </p>

    <p class='ocr_par' dir='ltr' id='par_1_18' title="bbox 349 3327 1179 3494">
     <span class='ocr_line' id='line_1_34' title="bbox 349 3327 1179 3390; baseline 0.002 -6"><span class='ocrx_word' id='word_1_202' title='bbox 349 3327 420 3385; x_wconf 91' lang='lat' dir='ltr'>Heu</span> <span class='ocrx_word' id='word_1_203' title='bbox 440 3329 558 3389; x_wconf 83' lang='lat' dir='ltr'>iuvenis</span> <span class='ocrx_word' id='word_1_204' title='bbox 578 3329 763 3389; x_wconf 85' lang='lat' dir='ltr'>miserande:</span> <span class='ocrx_word' id='word_1_205' title='bbox 786 3339 837 3390; x_wconf 86' lang='lat' dir='ltr'>tuo</span> <span class='ocrx_word' id='word_1_206' title='bbox 858 3350 937 3390; x_wconf 88' lang='lat' dir='ltr'>nunc</span> <span class='ocrx_word' id='word_1_207' title='bbox 958 3333 1083 3390; x_wconf 88' lang='lat' dir='ltr'>subruta</span> <span class='ocrx_word' id='word_1_208' title='bbox 1106 3347 1179 3390; x_wconf 87' lang='lat' dir='ltr'>casu</span> 
     </span>
     <span class='ocr_line' id='line_1_35' title="bbox 390 3412 1139 3494; baseline 0.004 -25"><span class='ocrx_word' id='word_1_209' title='bbox 390 3412 448 3471; x_wconf 82' lang='lat' dir='ltr'>Est</span> <span class='ocrx_word' id='word_1_210' title='bbox 469 3414 588 3487; x_wconf 83' lang='lat' dir='ltr'>domus,</span> <span class='ocrx_word' id='word_1_211' title='bbox 612 3422 642 3472; x_wconf 87' lang='lat' dir='ltr'>et</span> <span class='ocrx_word' id='word_1_212' title='bbox 662 3416 761 3492; x_wconf 79' lang='lat' dir='ltr'>gentis</span> <span class='ocrx_word' id='word_1_213' title='bbox 786 3435 857 3494; x_wconf 88' lang='lat' dir='ltr'>spes</span> <span class='ocrx_word' id='word_1_214' title='bbox 879 3417 1030 3475; x_wconf 85' lang='lat' dir='ltr'>labefacta</span> <span class='ocrx_word' id='word_1_215' title='bbox 1052 3424 1139 3473; x_wconf 86' lang='lat' dir='ltr'>tuae:</span> 
     </span>
    </p>

    <p class='ocr_par' dir='ltr' id='par_1_19' title="bbox 348 3493 1247 3658">
     <span class='ocr_line' id='line_1_36' title="bbox 348 3493 1247 3577; baseline 0.006 -24"><span class='ocrx_word' id='word_1_216' title='bbox 348 3493 447 3568; x_wconf 76' lang='lat' dir='ltr'>Quam</span> <span class='ocrx_word' id='word_1_217' title='bbox 465 3498 534 3573; x_wconf 92' lang='lat' dir='ltr'>pius</span> <span class='ocrx_word' id='word_1_218' title='bbox 553 3499 621 3575; x_wconf 88' lang='lat' dir='ltr'>ipse</span> <span class='ocrx_word' id='word_1_219' title='bbox 640 3499 758 3560; x_wconf 87' lang='lat' dir='ltr'>Parcus</span> <span class='ocrx_word' id='word_1_220' title='bbox 782 3521 820 3560; x_wconf 86' lang='lat' dir='ltr'>ex</span> <span class='ocrx_word' id='word_1_221' title='bbox 838 3509 867 3558; x_wconf 90' lang='lat' dir='ltr'>te</span> <span class='ocrx_word' id='word_1_222' title='bbox 891 3501 1092 3577; x_wconf 86' lang='lat' dir='ltr'>suspenderat</span> <span class='ocrx_word' id='word_1_223' title='bbox 1116 3517 1247 3575; x_wconf 84' lang='lat' dir='ltr'>omnem,</span> 
     </span>
     <span class='ocr_line' id='line_1_37' title="bbox 390 3581 1013 3658; baseline 0.005 -19"><span class='ocrx_word' id='word_1_224' title='bbox 390 3581 522 3640; x_wconf 77' lang='lat' dir='ltr'>Foverat</span> <span class='ocrx_word' id='word_1_225' title='bbox 541 3590 571 3640; x_wconf 89' lang='lat' dir='ltr'>et</span> <span class='ocrx_word' id='word_1_226' title='bbox 589 3586 680 3642; x_wconf 82' lang='lat' dir='ltr'>tacite</span> <span class='ocrx_word' id='word_1_227' title='bbox 701 3586 828 3644; x_wconf 87' lang='lat' dir='ltr'>credula·</span> <span class='ocrx_word' id='word_1_228' title='bbox 841 3594 913 3645; x_wconf 87' lang='lat' dir='ltr'>vota</span> <span class='ocrx_word' id='word_1_229' title='bbox 935 3586 1013 3658; x_wconf 75' lang='lat' dir='ltr'>sinu,</span> 
     </span>
    </p>

    <p class='ocr_par' dir='ltr' id='par_1_20' title="bbox 349 3665 1090 3748">
     <span class='ocr_line' id='line_1_38' title="bbox 349 3665 1090 3748; baseline 0 -22"><span class='ocrx_word' id='word_1_230' title='bbox 349 3665 392 3726; x_wconf 90' lang='lat' dir='ltr'>Ut</span> <span class='ocrx_word' id='word_1_231' title='bbox 411 3668 519 3744; x_wconf 76' lang='lat' dir='ltr'>possea</span> <span class='ocrx_word' id='word_1_232' title='bbox 540 3668 642 3727; x_wconf 87' lang='lat' dir='ltr'>oneris</span> <span class='ocrx_word' id='word_1_233' title='bbox 664 3687 794 3748; x_wconf 82' lang='lat' dir='ltr'>magnae</span> <span class='ocrx_word' id='word_1_234' title='bbox 815 3671 976 3728; x_wconf 83' lang='lat' dir='ltr'>succedere</span> <span class='ocrx_word' id='word_1_235' title='bbox 997 3670 1090 3744; x_wconf 85' lang='lat' dir='ltr'>parti,</span> 
     </span>
    </p>
   </div>
   <div class='ocr_carea' id='block_1_3' title="bbox 0 0 1538 4492">
    <p class='ocr_par' dir='ltr' id='par_1_21' title="bbox 0 0 1538 4492">
     <span class='ocr_line' id='line_1_39' title="bbox 0 0 1538 4492; baseline 0 0"><span class='ocrx_word' id='word_1_236' title='bbox 0 0 1538 4492; x_wconf 95' lang='lat' dir='ltr'> </span> 
     </span>
    </p>
   </div>
  </div>
 </body>
</html>
