3059 4492
682 468 746 528 249

260 657 310 717 μς.
322 630 440 718 Μοόνιρ
454 631 551 716 ἄθυρε
573 631 686 718 τρόχιρ.
700 631 835 718 Κυβείαν
856 637 957 695 πᾶσαν
970 633 1096 697 ἀλεόου.
1123 639 1172 719 μζ.

171 785 172 790 1
260 716 417 802 μῃ.’1σχό“ι“
431 717 527 800 μηδὲν
541 717 688 801 ἐπίτρεπ’.
711 715 885 782 Ἐλάσσονα
898 719 938 800 μὴ
953 718 1088 801 ἀθέριζε.
1121 721 1173 803 μθ.

170 815 172 852 ³
258 825 283 866 ν.
315 802 504 885 Ἀλλοτρίων
523 803 657 864 κτεάνων
672 805 713 888 μή
726 827 761 866 σε
776 801 891 887 φρένας
901 802 1007 886 ἵμερος
1020 801 1118 867 ἔλθοι.

258 910 306 950 να.
316 884 379 969 Τὴν
400 886 534 969 γαμετὴν
555 887 609 968 σὴν
627 887 848 972 ἀμφαγάπσζε.
871 884 918 990 T}
935 885 1026 950 τέκνα
1043 890 1084 951 δι-
1126 891 1174 975 νβ.

258 1052 367 1138 νγ.“Ον
381 1054 457 1116 θέσο
470 1055 597 1138 θεσμὸν,
606 1054 719 1138 ἔνεγκε.
744 1058 841 1118 Λάλει
853 972 1027 1139 naaman!
1037 1059 1106 1142 βρά-
1128 1059 1173 1121 νδ.

259 1247 302 1287 νε.
314 1221 410 1286 Τοῦθ
420 1223 531 1306 ἕρδειν,
540 1223 555 1285 θ
565 1221 828 1309 δίκαιονέφυ.Τδν
840 1163 1108 1310 ἔρθθῦάαφέρεινεῦ.
1128 1248 1173 1296 νς.

530 1387 701 1456 ΒΙΒΛΙΟΝ
720 1388 900 1456 ΠΡΩΤΟΝ.

260 1480 297 1543 Α.
346 1473 384 1539 Εἰ
408 1473 487 1544 Θεός
508 1475 572 1538 ἐστι
594 1481 676 1556 νοῦς,
700 1480 742 1544 ὡς
764 1477 907 1560 θέσφατα
929 1481 1005 1564 φησὶ
1022 1482 1175 1555 παλαιῶν,

344 1557 407 1624 Καὶ
424 1559 460 1622 σὺ
477 1559 554 1643 μάλ’
570 1561 723 1629 ἐνδυκέως
735 1562 867 1646 καθαρῷ
880 1565 937 1644 νοΐ,
961 1564 1051 1626 τόνδε
1062 1563 1175 1649 σέβιζε.

259 1647 296 1712 Β.
348 1643 391 1708 Tb
409 1643 503 1707 πλέον
517 1645 672 1726 ἀγρύπνει,
689 1645 730 1728 μὴ
741 1645 882 1730 ἀμέτρως
895 1649 925 1710 δ’
941 1648 1004 1711 ἴσθι
1017 1649 1175 1732 φιλυπνος.

342 1728 384 1793 Ἡ
398 1731 498 1814 μακρή
512 1732 543 1810 γ’
558 1731 723 1793 ἀνάπαυλα
737 1731 855 1815 τροφὴν
870 1733 1023 1796 παθέεσσι
1035 1737 1175 1817 χοηργεῖ.

260 1817 293 1881 Γ.
342 1813 473 1900 Πρώτην
497 1822 556 1876 τῶν
578 1814 694 1894 ἀρετῶν
712 1816 791 1897 ἡγοῦ
802 1816 856 1897 τὴν
872 1821 1015 1897 γλῶσσαν
1027 1817 1175 1901 ἐπισχεῖν.

338 1899 432 1983 ’Άγχι
453 1899 529 1962 θεοῦ
553 1897 610 1983 γάρ
636 1899 763 1975 ἐκεῖνος,
789 1900 823 1967 δς
844 1900 927 1964 οἶδεν
950 1902 1053 1985 καίρια
1080 1905 1175 1985 σιγᾷν.

259 1987 293 2049 Δ.
336 1982 490 2067 Ῥήμασιν
515 1983 684 2064 ἀντιλόγοις
705 1983 746 2067 μὴ
769 1984 905 2054 ἐναντίος
928 1984 992 2047 ἴσθι
1013 1989 1144 2069 σεαυτῷ.

261 2117 264 2126 .
346 2067 459 2132 Οὐδενὶ
482 2069 694 2153 συμφωνήσει,
714 2069 748 2136 ὃς
769 2067 805 2129 οὐ
828 2074 991 2154 συμφωνεῖ
1012 2071 1125 2153 ἑαυτῷ.

259 2153 294 2220 Ε.
338 2152 474 2216 ’Ἠνποά
490 2153 522 2221 ἐς
534 2152 706 2236 ἀνθρώπων
720 2154 828 2235 ἑπίδῃς
840 2153 916 2237 βίον,
924 2154 1007 2236 ἤθεα
1018 2155 1044 2216 τ’
1058 2152 1176 2216 αὐτῶν·

346 2235 414 2321 Κῄν
429 2237 516 2300 αὐτοὶ
528 2238 673 2320 μωμῶντ’
690 2236 816 2313 ἄλλους,
828 2244 887 2301 τῶν
901 2239 932 2301 δ’
946 2238 1175 2322 οῦτιςάμωμος.

260 2349 286 2395 ς.
341 2320 1177 2408 Κτησάμενοςβλαβερόντι,καὶείφίλονἐστλ,παραιτοῦ.

340 2405 429 2470 Ἔσθ
438 2408 483 2470 ότι
491 2407 659 2470 δεῖπλούτο
665 2431 691 2470 ιο
698 2407 735 2470 τά
743 2407 888 2491 σύμφορα
896 2409 1030 2491 πρόσθεν
1042 2406 1178 2471 ἑλέσθαι

260 2495 293 2559 Z.
338 2490 395 2561 Ὣς
409 2491 501 2574 λόγος
515 2493 649 2576 αἱρῇται,
672 2493 783 2574 σεμνὸς
799 2497 902 2574 γενοῦ,
919 2495 977 2577 ἠδὲ
990 2486 1155 2576 προσηνής.

341 2574 394 2639 Ἐν
415 2581 514 2659 καιριῦ
534 2575 723 2660 σοφὸςῆθος
743 2577 937 2658 ἀνεγκλήτως
959 2577 1156 2660 μεταβάλλει.

259 2663 298 2728 Η.
344 2637 543 2745 Μεμφομένρ
568 2661 701 2728 δούλους
724 2662 764 2744 μὴ
791 2660 868 2743 ἄγαν
889 2662 1012 2725 πίστευε
1035 2663 1178 2745 δάμαρτι.

261 2793 263 2800 .
345 2744 501 2812 Πολλάκις
523 2747 542 2828 ἡ
569 2745 763 2828 σύλλεκτρος,
788 2746 821 2808 δν
845 2747 921 2831 ἀνὴρ
946 2748 1068 2831 φιλατο,
1085 2750 1178 2829 μισεῖ.

260 2832 295 2897 Θ.
338 2829 395 2894 Ἦν
413 2853 479 2892 τινα
493 2829 671 2913 νουθετέγγς,
694 2832 709 2893 ὁ
729 2829 760 2893 δ’
777 2831 937 2914 ἐφετμέων
952 2832 1009 2894 οὐκ
1026 2830 1180 2914 ἐπακοῦγγ,

283 2965 286 2972 .
345 2913 384 2980 Εἰ
404 2917 488 2999 μάλα
512 2937 563 2997 μιν
580 2915 691 2998 κραδίῃ
715 2915 842 2999 φιλέεις,
866 2917 907 3000 μὴ
930 2919 1004 2998 λῆγε
1027 2920 1178 2998 μενοινῆς.

259 3000 283 3066 Ι.
345 2999 399 3082 Μὴ
423 2999 560 3083 συνέριίε
583 2998 666 3082 λόγῳ
688 3005 752 3068 τοῖς
775 3000 919 3084 ἀνδράσιν
950 2999 1178 3083 ἀκριτομόθοις.

261 3133 264 3142 ,
346 3084 428 3148 Πᾶσι
449 3083 541 3166 λόγος
563 3083 698 3160 δέδοται,
720 3084 814 3168 σοφίη
834 3085 869 3146 δὲ
888 3087 1007 3168 φρενῶν
1024 3085 1162 3165 ὀλίγοισι.

259 3169 311 3234 ΙΑ.
336 3168 397 3237 Ὣς
423 3168 538 3236 ἄλλους
556 3167 684 3252 φιλέειν,
703 3170 747 3236 ὣς
766 3169 818 3231 καὶ
840 3170 929 3251 φιλος
951 3168 1030 3231 εἶναι
1049 3169 1163 3250 ἑαυτῷ.

282 3301 286 3310 .
339 3251 401 3322 «Ως
420 3255 566 3339 χρηστοῖς
589 3250 643 3315 ἔσο
663 3254 814 3338 χρηστὸς,
847 3253 932 3399 ότΞως
951 3254 1067 3338 βλάβος
1086 3251 1178 3314 οὐδὲν

891 3362 965 3400 πισπ
1006 3383 1014 3400 .
1144 3372 1150 3382 ·

259 3420 312 3486 lB.
346 3422 450 3504 Φεῦγε
466 3360 1178 3525 νέουςθρόλλους,μὴκαινοτόμοςῃτςὶςάκοόσγγς.

347 3503 471 3570 Οὐδένα
491 3507 520 3588 γ’
539 3506 558 3588 ἡ
574 3507 653 3588 σιγὴ,
668 3508 855 3588 τδλαλῆσαι
877 3508 906 3569 δ’
919 3506 1021 3591 ἤκαχε
1033 3505 1179 3572 πολλους.

260 3589 309 3655 λΓ.
342 3587 466 3654 Ἐλπίδ’
489 3592 677 3675 ἀπαγγελίης
700 3591 740 3674 μὴ
766 3590 890 3674 ἑτοίμην
914 3590 1023 3654 αὐτίκα
1045 3591 1135 3672 ι’γγοῦ.

340 3673 383 3738 Ἥ
402 3675 500 3744 πίστις
522 3676 631 3759 σπανίη
652 3674 694 3757 γ’,
718 3675 764 3738 ότι
781 3676 893 3738 πολλοὶ
906 3676 1010 3739 πολλὰ
1023 3677 1165 3737 λαλοῦσι.
