3059 4492
718 482 869 578 —Q—

331 648 484 711 Fabullus
505 650 614 727 amplis
634 649 803 710 latifundiis
822 652 948 728 Lycum,

339 733 481 794 Nummio
500 736 659 794 Fabullum
680 737 855 795 foenerator
874 736 1018 808 Bracara,

339 821 379 880 Et
397 821 487 893 hunc,
510 829 540 878 et
558 820 641 878 illum
664 821 845 897 pisculeutis
865 829 1014 897 provocat

341 903 463 983 Staguis
482 905 610 970 Alauda.
633 903 786 978 Quantum
807 906 902 966 habes
926 906 1024 964 omnis
1047 907 1132 982 cupit

339 989 474 1063 Habere,
496 991 552 1052 sed
574 998 607 1052 tu
626 1010 686 1050 nou
709 991 803 1050 babes
827 998 971 1068 quantum
991 990 1087 1066 cupis.

340 1160 391 1219 32.
436 1158 534 1236 caput
553 1159 687 1221 tenebris
710 1166 868 1218 exerentes
890 1159 1005 1237 literas,

340 1243 423 1318 Quas
448 1245 539 1322 longa
560 1244 638 1304 curis
663 1240 772 1304 excolit
793 1245 908 1304 sensim
929 1243 1006 1317 dies,
1030 1297 1034 1304 .

339 1329 477 1406 Repente
497 1329 578 1388 dirus
600 1330 706 1388 Martis
730 1338 761 1386 et
783 1327 970 1406 Sophistices

339 1415 470 1492 Fugabit
490 1423 593 1474 aestus
615 1434 677 1474 uon
700 1433 876 1474 reversuras
901 1413 1014 1473 statim.

340 1500 436 1557 Morbi
452 1499 618 1576 ingruentis
640 1508 686 1558 est
707 1499 826 1558 medela
848 1499 982 1576 segnior,

340 1581 437 1656 Quam
458 1585 590 1643 morbus.
611 1603 685 1650 aeuo
706 1585 816 1642 crescit
837 1584 955 1643 occulto
975 1603 1102 1642 nemust

269 1735 271 1740 ¹
338 1667 468 1741 Puncto,
491 1669 628 1743 sequacis
649 1669 727 1746 iguis
749 1669 853 1728 afflatu
872 1668 961 1745 perit.

339 1752 453 1830 Vigore
471 1753 552 1811 leuto
574 1761 677 1812 nostra
698 1762 837 1812 crescunt
857 1771 1002 1830 corpora:

339 1835 448 1897 Statim
468 1837 636 1898 labascunt.
657 1837 760 1898 Tarda
780 1839 921 1897 virtutum
941 1837 1084 1914 augmina

340 1920 416 1982 Cito.
429 1923 648 2000 opprimuntur,
673 1941 731 1985 nou
753 1924 939 1998 reviviscunt
961 1923 1028 1981 cito.

340 2091 390 2151 33.
434 2089 493 2165 Qui
513 2090 745 2152 Grammatistas
768 2091 877 2168 spiritu
895 2093 994 2151 difflas
1015 2100 1078 2165 tuo,

338 2176 378 2235 Et
400 2194 587 2236 summovere
609 2177 744 2236 fascibus
767 2177 887 2255 linguae
907 2177 990 2236 soles

339 2258 469 2321 criticos
490 2261 616 2322 clientes
637 2261 793 2322 literarum
815 2262 974 2321 inertium:

339 2343 401 2404 Gur
423 2346 577 2423 diguitatis
599 2347 773 2422 ordinisque
794 2347 951 2425 negligens

339 2429 409 2503 Tui,
429 2429 552 2490 libellos
574 2430 858 2492 Grammatistarum
880 2432 968 2510 legis,

339 2513 474 2592 Sophiae
494 2516 637 2590 medulla,
657 2517 748 2576 docta
768 2516 905 2575 Naturae
927 2517 1045 2589 ecbola,

339 2597 420 2658 Oulti
439 2599 576 2659 Platonis
599 2602 741 2661 educatus
764 2602 795 2659 iu
818 2601 908 2660 sinu?

337 2683 419 2760 Ergo
437 2685 545 2757 libelli,
562 2704 639 2760 quos
661 2686 745 2758 teris,
769 2695 800 2742 te
818 2687 928 2758 iudice,

339 2765 417 2828 Sunt
437 2768 561 2844 aliquid,
584 2789 603 2826 a
621 2778 651 2828 te
673 2789 763 2844 quum
782 2770 931 2848 legantur,
953 2779 984 2828 et
1006 2769 1105 2847 magis

338 2851 384 2910 Te
407 2853 576 2927 confitente,
599 2873 688 2930 quam
708 2855 839 2929 volente,
862 2864 933 2915 sunt
956 2856 1038 2913 boui.

337 2936 482 2996 Doctrina
501 2957 611 3016 magna
631 2949 687 3013 est,
708 2959 786 3015 quae
806 2941 906 3017 placet
925 2940 1110 2999 uolentibus.

337 3105 388 3165 34.
431 3105 715 3186 Philologomastix,
731 3117 762 3167 et
781 3108 926 3187 Sophiste
943 3110 1103 3182 barbarus,

264 3225 266 3232 κ
338 3188 401 3251 Sed
416 3192 474 3252 iste
498 3192 601 3266 nullis,
620 3194 672 3254 ille
692 3195 800 3271 paucis
817 3194 927 3267 literis,

337 3273 397 3334 Hic
419 3277 553 3337 veritatis
575 3298 657 3352 osor,
679 3277 733 3338 ille
756 3280 845 3357 iurgii

337 3357 491 3437 captator,
510 3364 543 3422 in
564 3382 631 3423 uos·
642 3364 704 3423 tela
723 3364 906 3442 distringunt
926 3382 993 3435 sua,

336 3444 376 3502 Et
396 3453 503 3508 nosue
521 3448 609 3509 dictis
631 3450 744 3528 scripta
766 3450 942 3526 discerpunt
962 3447 1062 3508 melis.

337 3526 399 3588 Sed
419 3549 474 3589 nos
494 3533 650 3593 lacessunt
667 3535 817 3611 plumbeis
840 3533 1042 3594 mucronibus.

336 3611 490 3690 Sophiste,
514 3627 544 3676 et
565 3619 603 3690 is,
625 3638 714 3694 quem
733 3620 925 3696 praenotavi,
945 3625 1017 3676 sunt
1037 3615 1098 3674 duo

334 3698 409 3759 Pari
429 3698 543 3773 imore,
563 3702 679 3778 dispari
699 3704 789 3780 genio
813 3721 914 3762 canes.
