3059 4492
248 666 350 768 Μόλις
371 700 509 804 τυράννῳ
530 701 644 807 πρρῖκα
653 699 842 806 βασιλεύειν
863 699 962 782 θέμις.
1053 711 1057 718 “

248 781 370 869 Κέρδος
397 783 452 868 βρ’
437 807 470 846 ο
460 805 535 846 ειον
556 785 609 866 τὴν
631 785 725 870 τύχην
746 807 830 847 ποιει
818 785 937 847 λλεόν.

249 807 355 953 Σοφὸς
376 873 543 1014 φρενρδται
564 873 643 931 τοῖσι
663 875 722 932 τῶν
745 868 844 936 πέλας
864 874 979 938 κακοῖς.

250 949 292 1018 Τὸ
316 956 378 1014 τῶν
400 953 431 1014 ἐν
424 953 527 1060 ὕψει
548 958 658 1100 πτῶμὸ
646 952 952 1056 ’ἐπισφαλέστατον

248 1035 440 1140 'E5e5pet''
422 1059 502 1122 εργῳ
525 1038 558 1100 τὸ
582 1039 688 1115 κακν,
713 1037 790 1101 ἀλλ’
814 1035 912 1100 οὐκ
891 1060 928 1121 αρ
913 1060 1030 1123 ρ.χεται

249 1117 428 1204 Ολιγοστόν
449 1099 512 1228 ἐρτι
534 1121 635 1198 τοόλλ’,
661 1123 736 1207 όπερ
759 1127 861 1200 ζῶμεν
882 1122 960 1206 βίον

247 1204 374 1310 Πάτρας
397 1205 562 1314 ρτερίσκων
587 1206 718 1270 αὐτόν’
706 1231 758 1270 εστ
765 1205 900 1289 ’όρλλῶς
921 1207 1031 1312 ρογοίς.

246 1285 405 1390 ιῬέττοιγ
431 1289 466 1352 ἂν
490 1291 534 1358 εἰς
554 1291 587 1352 τὸ
611 1293 723 1400 μωρὸν
740 1290 894 1395 εὐήλλγςτ
878 1291 1000 1376 τρόπος.

246 1371 341 1459 Ῥᾷόν
368 1397 426 1458 περ
449 1372 581 1444 αυΕει
556 1399 572 1437 τ
608 1375 763 1478 ἀξίωμ’
747 1401 767 1460 5
787 1397 926 1480 αρχεται

250 1436 342 1522 Ποιεῖ
361 1463 499 1542 προσηνῆ
521 1459 572 1524 καὶ
594 1458 689 1522 τὸνν
669 1483 698 1522 α
696 1482 824 1541 γνωστον
845 1457 933 1543 τόχνγ.

250 1541 439 1626 Τοόγκλημα
459 1549 634 1650 γεῖρον,ρ
595 1567 616 1605 π
619 1545 740 1628 ρᾶξιν
723 1569 760 1628 55
783 1547 895 1651 σιγᾷς,
899 1549 1007 1614 ποιεῖς.

250 1627 375 1695 Ψεῦδος
395 1627 561 1734 κακόφρων
586 1630 750 1714 διαβολὴ1
737 1653 777 1714 ρε
762 1630 864 1736 οδὴς
878 1624 947 1712 ἔρα.

245 1711 411 1820 Σόμφησιν
437 1712 564 1791 ἀδικεῖν,
587 1713 801 1794 ιοογοδικῶν”
783 1720 864 1780 οστις
884 1718 981 1818 κρρεῖ.

245 1795 362 1881 Ὄλβοο
387 1799 523 1866 παλαιοῦ
540 1777 678 1880 θρέμμα,
701 1798 852 1861 πλοοσίοο
874 1797 978 1903 χόλος

251 1881 418 1945 Θόλλοοαα
438 1882 530 1944 κακία
550 1881 722 1966 δοστόχημ
746 1879 908 1945 ἐαλλλῶν”
890 1905 961 1987 εφο.

251 1963 325 2028 Τὰ
315 1966 409 2069 ρᾷστ’
428 1963 520 2028 ἂν
485 1988 581 2034 οισοις
603 1967 708 2028 καλ
676 1991 714 2030 τα
740 1969 875 2074 δορχερῒγ
900 1965 1013 2068 φέρων.

251 2049 409 2135 Φέρειν”
388 2073 510 2134 αροκτα
529 2054 589 2112 τῶν
611 2058 725 2128 κακῶν,
751 2052 793 2156 γιὴ
818 2051 958 2156 λοιδορε
945 2073 979 2111 ιν.

251 2135 363 2220 Φέρων
386 2137 420 2197 τὸ
445 2137 577 2220 βλάπτον
601 2137 706 2199 καὶτὸ
728 2137 887 2241 οόμρορον
909 2133 1025 2218 φέροις.

250 2216 294 2282 Τὰ
316 2219 439 2282 πλαστὰ
458 2221 535 2302 πρὸς
556 2221 606 2282 τὸν
628 2217 704 2282 ιοιον
727 2219 761 2282 ἂν
787 2220 902 2325 δράμοι
922 2219 1046 2301 τρόπον.

250 2300 311 2388 Τὴν
333 2305 431 2366 πίστιν
456 2303 512 2368 οὐκ
533 2302 666 2367 ὀλέσειε
672 2306 788 2388 πλὴν
776 2330 792 2368 ο
818 2305 858 2388 μὴ
883 2301 976 2388 ἔχων.

251 2387 319 2474 Τέῳ
343 2387 485 2464 πέποιλλε,
508 2389 603 2450 πίστιν
626 2389 707 2458 ὅστις
728 2391 864 2465 ὤλεσεν,

244 2452 311 2580 Τὴν
335 2473 432 2535 πίστιν
453 2435 614 2580 όλέρας
584 2496 611 2535 τι
636 2470 773 2536 ὀλέσειεν
798 2474 833 2537 ἂν
851 2472 983 2581 πρόοω;

244 2553 339 2624 Ὅλλεν
360 2555 472 2642 ἦλλλ”
461 2557 609 2641 ομόφρων
635 2582 742 2632 πιοτις,
765 2559 822 2622 οόκ
842 2557 913 2640 ἀνέρ
899 2579 1014 2642 ρχεται.

244 2643 373 2728 Ὡραῖον
398 2641 480 2709 εἶδός
503 2642 567 2704 ἐστι
588 2642 703 2711 ἄλαλος
729 2643 881 2711 οόστασις.

251 2726 336 2812 Τόχη
360 2727 506 2832 βροτείων
529 2731 632 2810 κόρος.
638 2726 733 2790 οὖν’
716 2751 783 2812 εχει
804 2727 953 2813 τρόπων.

244 2810 361 2898 Ὄλβος
386 2809 480 2894 μέγας
502 2811 664 2916 βούλευμα
683 2813 779 2896 κυρίῳ
802 2788 890 2896 μέγα.

250 2895 415 2962 Οὐδενλ’
384 2918 461 2979 τοχη
486 2895 608 2958 δόναιτο
631 2902 684 2980 τῆς
707 2899 821 2981 βουλῆς
842 2895 947 2959 πλέον.

247 2981 341 3046 Ποιεῖ
359 3003 402 3042 πα
406 2978 576 3063 ραττλῆγΗ
562 3004 581 3061 5
606 2981 683 3066 τόχτγ
709 2980 907 3044 λλάλποοσ”’
886 3003 972 3063 αγαν.

241 3062 344 3136 Ἅπαξ
369 3065 536 3171 ἐνρχλοῦσ’
558 3063 594 3128 55
615 3089 671 3128 τινι
694 3065 812 3150 στέργει
833 3065 922 3149 τόχη.

249 3148 413 3234 θέλγετ’
381 3172 459 3232 τοχνγ
482 3149 619 3212 σαίνοοσ’
644 3175 678 3213 ο
680 3173 715 3212 αν
739 3151 882 3256 555555

246 3233 298 3299 X5
300 3259 346 3321 ρις
365 3235 498 3296 πολιτῶν
519 3235 596 3317 πρὸς
617 3235 654 3298 τὰ
673 3240 726 3319 τῆς
746 3235 842 3320 τύχης
861 3210 961 3337 ρέπει.

246 3260 423 3428 Στιλβοορα
447 3317 599 3400 λλραοστόν
625 3320 745 3382 ἐστιν
730 3343 773 3387 ως
796 3321 887 3385 όελος
907 3318 995 3402 τύχη.

248 3403 335 3490 Τόχη
362 3404 470 3465 δίδωσι
489 3407 610 3538 χρῆσιν,
634 3405 670 3466 οὐ
694 3404 798 3486 κτῆσίν
821 3425 909 3470 τινος

248 3572 354 3658 Τύχης
380 3572 533 3678 λρβέσλλαι
557 3572 673 3655 μᾶλλόν
696 3573 826 3649 ἐστιν,
808 3574 982 3656 ηκρατεῖν.

247 3656 434 3740 Νόσφισρός
453 3657 544 3733 ἐστιν,
565 3658 581 3720 5
608 3658 665 3721 οὐκ
687 3656 722 3722 ἂν
743 3657 904 3766 αἰπρδοόγς,
919 3656 1036 3740 λαβεῖν.

248 3741 384 3828 Παόρων
407 3742 533 3806 κολοόει
556 3745 645 3826 μῖσος
666 3744 686 3826 5
711 3743 809 3824 πυκνὴ
831 3741 909 3825 δίκη.

923 3855 961 3914 16
