3059 4492
700 467 760 528 251

357 629 521 716 Τάγνιῖισά
532 631 594 695 ἐστὶ
603 634 751 719 λογισμῷ,
761 630 1184 717 ἀτάρτ’ἀγνωστατυχηρῶς.

271 719 331 784 ΛΓ.
358 715 397 781 Εἰ
422 717 524 801 βίοτος
547 723 723 803 στρωφᾶται
746 718 977 800 ἀτεκμάρτοισιν
996 716 1132 793 ἀέθλοις,

347 801 458 886 Ἧμαρ
482 802 513 864 ἐν
539 798 707 886 ᾦπονέεις
721 807 780 865 πᾶν
801 801 929 886 κέρδεος
950 802 1150 884 ἀναλογίζου.

272 888 334 952 ΛΔ.
357 885 424 971 Κῆν
448 885 588 955 ἐπίδοξος
610 885 666 971 ἕης
686 892 782 970 νικᾷν,
804 887 929 948 ὑπόεικε
950 887 1035 970 φίλιρ
1058 891 1125 954 σοῦ,

358 969 421 1054 Τῆς
442 969 499 1054 γὰρ
525 971 692 1055 ύπηρεσίης
715 971 801 1054 ἡδεῖς
823 973 972 1050 ἡττῶνται
996 972 1123 1054 ἑταῖροι.

271 1053 334 1122 ΛΕ.
357 1052 396 1118 Εἰ
420 1053 531 1137 μεγάλ’
555 1056 687 1132 αἰτίζεις,
708 1056 749 1139 μὴ
773 1056 879 1140 φείδεο
901 1055 973 1140 βαιά
990 1062 1146 1139 χορηγεῖν.

347 1136 431 1204 Ὧδε
454 1141 543 1224 χάρις
565 1141 715 1208 τοίςδεσσι
741 1141 850 1223 φιλους
873 1142 1014 1221 δεσμοῖσι
1036 1142 1187 1203 συνάπτει.

170 1257 172 1296 ς
270 1223 325 1292 Λς.
357 1221 473 1286 Νείκεα
486 1224 560 1308 τῷδ’
576 1225 709 1308 ἐπείγειν,
721 1225 754 1292 ός
769 1247 818 1286 σοι
831 1225 920 1307 φιλος
933 1224 1186 1306 ἐσελφυλάσσου.

170 1311 172 1338 λ
354 1304 473 1392 Ἐχθος
492 1306 582 1370 ἔτικτ’
606 1309 692 1394 ἀργὴ,
715 1309 817 1392 φιλίης
842 1308 871 1370 δ’
895 1308 1024 1391 ὁμόνοια
1045 1308 1162 1392 τιθήνη.

271 1388 332 1454 ΛΖ.
348 1389 408 1454 Ἢν
419 1392 453 1454 σέ
463 1391 533 1454 ποτ’
543 1393 712 1476 ἀμπλακίαι
724 1393 870 1476 θεράπων
881 1395 1043 1476 προάγωσι
1054 1394 1130 1476 πρὸς
1138 1395 1186 1477 ἀρ·

358 1473 421 1558 Τῆς
436 1479 534 1560 ὁρμῆς
545 1477 693 1560 κρατέειν,
707 1481 768 1540 τῶν
782 1478 902 1540 οἰκείων
915 1477 964 1540 ἵνα
981 1478 1084 1562 φείση.
1107 1478 1186 1562 [γὴν,

272 1556 408 1624 ΛΗ.Ὃν
432 1566 514 1644 νικᾷν
540 1561 678 1638 δύνασαι,
702 1566 741 1644 τῇ
762 1562 906 1646 καρτερίη
929 1563 1112 1646 περιγίγνου.

358 1645 427 1708 Αἰεὶ
448 1647 591 1730 καρτερίη
615 1647 643 1709 δ’
670 1647 808 1740 ἀρετάων
831 1647 894 1708 ἐστὶ
917 1647 1051 1730 μεγίστη.

271 1725 334 1790 ΛΘ.
356 1726 530 1798 Ἐνδυκέως
551 1732 688 1813 ταμίευέ,
710 1731 805 1814 τάπερ
825 1733 954 1816 καμάτῳ
972 1730 1164 1814 πεπόρισται.

359 1811 421 1896 Τὴν
430 1815 535 1897 πενίην
544 1813 838 1899 κάματοςγ’,ότανγ’γ
851 1814 1037 1899 δαπανηρὸς,
1049 1815 1186 1900 ὀφέλλει.

273 1893 314 1961 M.
360 1895 448 1960 Τοῖσι
474 1900 575 1982 φίλοις
595 1901 645 1962 καὶ
658 1901 770 1962 έταισιν
786 1900 860 1962 ἐπάν
876 1898 1037 1983 φιλότιμος
1051 1900 1188 1981 ἀκούσης

354 1979 483 2068 Ὄλβιος
504 1983 672 2069 εὐτυχέων,
694 1984 730 2046 σύ
757 1979 801 2046 δὲΙ
814 1985 957 2068 φιλτερος
976 1982 1039 2045 ίσθι
1055 1981 1186 2068 σεαυτῷ.

520 2147 690 2216 ΒΙΒΛΙΟΝ
714 2148 941 2216 ΔΕΥΤΕΡΟΝ.

272 2234 310 2300 Α.
350 2232 448 2319 Ἔργα
470 2237 643 2320 γεωπονίης
667 2239 694 2299 εἰ
718 2237 745 2300 σ’
771 2235 887 2299 εἰδέναι
907 2237 1014 2320 ἵμερος
1036 2237 1127 2321 αἱρεῖ,

356 2317 512 2403 Βιργίλιον
539 2321 631 2392 δίζευ.
654 2321 791 2406 βοτανῶν
816 2322 851 2383 δὲ
874 2322 1026 2404 δαήμεναι
1047 2320 1147 2402 ἀκμὰς
1242 2360 1244 2363 -

357 2401 396 2470 Εἰ
417 2403 552 2484 ποθέεις,
574 2407 686 2473 ταύτας
710 2405 840 2488 Μάκρυυ
863 2407 1015 2468 κλείουσιν
1040 2406 1154 2481 ἀοιδαὶ,

351 2483 450 2552 Ὥσκε
469 2489 573 2552 δύναιο
595 2491 685 2553 νόσον
711 2490 831 2574 μελέων
856 2491 916 2554 ἀπὸ
937 2494 1038 2552 πᾶσαν
1063 2490 1187 2571 ἀμύναι.

356 2571 396 2638 Εἰ
416 2573 448 2636 δ’
464 2573 582 2642 ἐθέλεις
599 2576 716 2659 ῥώμης,
731 2575 890 2658 ἐμφύλους
910 2576 938 2637 τ’
953 2573 1039 2657 ἴδμεν
1056 2575 1187 2655 ἀγῶνας,

357 2659 516 2722 Λουκανὸν
544 2662 686 2742 ζήτησον,
706 2660 740 2728 ὃς
754 2660 868 2743 ’Άρεος
890 2659 973 2722 εἶπεν
995 2659 1139 2726 ἀέθλους.

357 2741 396 2806 Εἰ
417 2743 455 2825 δὴ
477 2742 548 2826 ἐρᾷν
571 2747 622 2807 καὶ
644 2743 734 2828 ἔρωτι
758 2743 942 2827 μαθητεύειν
961 2743 1187 2829 προβέβουλας,

356 2825 599 2912 Νάσωνοςπάρα
609 2833 703 2891 ταῦτα
719 2829 840 2912 μάθοις.
854 2826 892 2891 Εἰ
902 2830 931 2892 δ’
942 2829 1016 2891 αὐτὸ
1030 2833 1187 2912 μεριμνᾷς,

357 2910 430 2979 Πῶς
444 2914 541 2995 σοφὸς
556 2915 597 2976 ὢν
610 2915 734 2996 διάγοτς,
746 2913 836 2976 κλύθι
851 2920 924 2996 μού,
933 2915 984 2976 ἵνα
996 2919 1092 2976 ταῦτα
1107 2913 1187 2974 διδα-

357 2994 1074 3082 Πάνταδίὧνζωηνκακίηςδίχαπάσανἀνύσης.
1094 2996 1189 3080 [χθγῖς

358 3081 455 3164 Δεύρ’
466 3079 537 3166 ἄρα,
550 3084 601 3145 καὶ
614 3081 644 3144 τί
656 3081 744 3146 πέλει
754 3083 847 3166 σοφίη
864 3082 945 3164 μαθέ
959 3087 1022 3161 νῦν,
1037 3081 1106 3144 τάδ’
1117 3081 1187 3142 ἀνα-

902 3189 983 3235 νους.

271 3247 310 3316 Β.
355 3249 394 3314 Εἰ
415 3247 555 3331 δύνασαι,
577 3256 708 3314 σπεῦσον
732 3251 784 3312 καὶ
798 3249 870 3318 τοὺς
883 3189 1020 3331 ἀγνῶτας
1032 3247 1187 3332 ὀφέλλειν.

354 3333 486 3419 Κέρδιόν
511 3337 573 3398 ἐστι
597 3337 707 3420 φιλυυς
728 3335 935 3418 περιποιεῖσθ)
958 3336 977 3418 ἦ
1003 3331 1187 3419 βασιλεύειν.

272 3420 306 3485 Γ.
356 3423 452 3484 Λεῖπε
466 3421 542 3484 θεοῦ
550 3422 580 3484 τ’
592 3419 721 3504 άββητα,
729 3419 758 3482 τί
762 3420 789 3481 τ’
802 3419 933 3503 οὐρανός
946 3419 1036 3494 ἐστιν,
1051 3419 1187 3501 ἐρευνᾷν.

358 3505 475 3588 Θνητὸς
495 3506 554 3568 ἐὼν
576 3506 714 3588 θνητοῖσι
738 3503 899 3588 μεμηλότα
922 3502 998 3587 ἔργα
1020 3503 1161 3586 μερίμνα.

272 3593 306 3656 Δ.
349 3587 456 3654 Ῥῖπτε
473 3589 570 3675 φόβον
585 3589 731 3652 θανάτου.
748 3588 848 3672 τδγάρ
862 3587 1001 3673 ἀφραδές
1017 3587 1189 3670 ἐστιν,ἀλή-

685 3701 687 3706 ·
882 3695 962 3740 κτως
