3059 4492
723 479 874 574 Q

240 721 243 732 ι
272 645 324 699 445
343 647 501 710 8444444
520 647 630 707 doloso
654 647 765 707 addixe
785 655 948 725 potuerunt
966 649 1033 710 viro

342 731 454 793 Graeci
477 752 576 790 meam
596 732 643 790 illi
662 741 879 810 postputentes
901 734 1041 811 gloriam.

340 818 429 893 Quod
448 819 480 886 pi
500 819 575 875 mihi
594 837 724 876 omnem*
736 837 844 877 eversa
863 837 949 877 mens
973 820 1156 897 sapientiam

339 904 610 981 Expectorassent‚
631 911 662 960 et
687 903 805 976 oculus,
829 922 983 978 nunquam
1006 905 1137 982 amplius

340 989 457 1047 Iudicia
476 989 507 1046 in
530 988 622 1046 alium
639 988 829 1048 iudicassent
848 988 931 1046 talia.

273 1068 408 1131 ⁴501am
431 1074 551 1149 pervieo
572 1073 686 1146 auimo,
708 1073 784 1132 Iove
807 1082 885 1146 sata,
904 1073 1102 1150 implacabili,

340 1160 402 1231 Me,
423 1177 491 1216 cum
511 1159 572 1216 iam
590 1158 622 1214 in
644 1158 712 1217 illos
736 1165 884 1216 verterem
904 1159 1048 1217 infestam
1070 1179 1205 1234 manum,

339 1243 502 1320 Repressit
524 1243 642 1300 obiecta
664 1243 830 1319 impotente
851 1242 984 1316 insania,

339 1330 377 1388 In
399 1329 542 1406 gregibus
563 1327 632 1387 istis
654 1316 687 1385 ut
710 1336 897 1385 cruentarem
920 1347 1052 1386 manum.
1105 1403 1108 1407 ἠ

221 1471 224 1480 Δ
340 1414 454 1471 Verum
477 1412 632 1472 cachinnis
658 1431 737 1471 nune
759 1413 833 1470 mihi
855 1413 995 1486 illudunt,
1019 1415 1071 1471 ubi

273 1496 324 1551 445
341 1498 459 1574 Fugere
481 1516 529 1554 me
552 1496 680 1555 nolente.
702 1516 769 1555 oum
789 1493 876 1556 Deus
898 1506 996 1570 nocet,

340 1582 400 1641 Vel
419 1583 576 1641 fortiorem
598 1584 727 1640 evadere
749 1583 861 1659 ignavo
882 1590 930 1641 est
950 1582 1042 1641 facul.

342 1666 422 1739 Quid
445 1686 517 1744 ergo
540 1667 661 1740 faciam,
684 1685 774 1742 quem
796 1667 932 1726 disertim
954 1685 1060 1726 omnes
1083 1666 1144 1726 Dei

344 1751 465 1811 Odere?
486 1771 575 1826 quem
596 1752 658 1809 odit
680 1753 780 1810 omnis
802 1752 951 1810 Achivum
971 1753 1145 1810 exercitus?

341 1836 382 1894 Et
403 1837 501 1895 omnis
525 1836 589 1895 odit
611 1837 716 1909 Troia,
745 1845 775 1894 et
794 1856 884 1895 omne
906 1837 1007 1895 isthuc
1027 1836 1152 1896 solum?

274 1921 326 1975 460
343 1924 392 1980 An
415 1921 612 1981 domitionem
637 1941 709 1999 ergo
735 1923 784 1981 his
806 1921 922 1980 relictis
944 1922 1103 1997 portubus,

343 2005 484 2083 Solisque
507 2006 633 2079 Atridis,
653 2015 737 2065 trans
762 2014 792 2063 et
812 2008 947 2083 Aegeum
967 2007 1093 2084 parem?

342 2091 405 2152 Sed
426 2111 486 2167 que
506 2091 589 2169 potis
613 2092 791 2160 simfronte
813 2091 1012 2150 Telamonem
1033 2099 1152 2169 patrem

342 2175 457 2236 Contra
481 2177 620 2236 obtueri?
644 2177 793 2252 quomodo
810 2195 860 2234 me
878 2176 1053 2253 inglorium,

339 2263 459 2320 Virtute
479 2279 600 2320 cassum
623 2261 784 2320 sustinebit
806 2280 941 2333 cernere,

274 2345 324 2400 465
343 2345 476 2420 Quarum
498 2347 567 2424 ipse
586 2366 685 2404 rerum
706 2347 871 2404 honoribus
893 2346 1019 2405 summis
1043 2346 1144 2404 cluet?

342 2430 415 2492 Non
439 2433 483 2491 sic
504 2431 610 2504 abibit,
632 2451 704 2489 non.
727 2430 799 2505 quid
822 2431 915 2508 ergo?
938 2450 977 2488 an
998 2431 1047 2488 vir
1065 2431 1130 2488 viro

343 2515 532 2594 congressus
555 2516 602 2573 44.
616 2517 730 2574 Troum
753 2515 816 2572 elta
833 2515 1062 2593 propugnacula

343 2599 433 2660 Clare
456 2608 596 2678 oppetam
614 2601 718 2677 aliquo
741 2601 878 2659 facinore
902 2600 1014 2660 illustri
1039 2595 1141 2660 edito?

345 2683 407 2746 Sed
427 2687 559 2743 facerem
580 2686 695 2745 Atridis
717 2705 781 2744 rem
803 2688 915 2745 bonam
935 2696 966 2742 et
982 2687 1209 2762 gratissumum.

273 2774 325 2827 470
341 2769 411 2829 Non
434 2772 478 2830 sie
499 2771 603 2828 abibit.
630 2770 732 2848 aliqua
755 2771 903 2829 tentanda
925 2779 973 2830 est
993 2771 1053 2844 via,

342 2856 412 2931 Qua
433 2857 494 2912 iam
518 2857 650 2914 senectis
675 2855 775 2914 obsito
800 2857 943 2913 membris
962 2857 1043 2931 patri

340 2941 497 3014 Profiteor,
521 2941 602 2998 haud
621 2941 680 2999 hoc
702 2949 790 3017 patre
808 2961 858 2998 me
878 2941 1021 3017 ignavum
1043 2947 1154 2998 satum.

340 3026 422 3086 Nam
445 3034 531 3101 turpe
552 3025 677 3104 longum
697 3026 835 3103 postulat
857 3044 891 3085 se
914 3027 1025 3098 vivere,

341 3110 398 3171 Cui
424 3112 509 3170 nulla
530 3111 616 3169 detur
638 3131 656 3168 a
676 3111 765 3170 malis
786 3111 963 3186 interquies.

168 3262 170 3280 ξ
272 3197 323 3252 475
340 3195 421 3256 Nam
443 3196 514 3272 quid
534 3197 626 3254 habet
644 3198 676 3254 in
695 3216 731 3254 se
750 3196 862 3272 volupe
883 3195 921 3252 de
946 3196 995 3253 die
1017 3195 1082 3254 dies

340 3280 422 3339 Hinc
446 3301 641 3340 summovens
664 3282 770 3354 vitam,
797 3282 868 3338 iude
884 3291 1013 3339 mortem
1033 3279 1237 3357 promovens?

340 3365 438 3424 Nihili
462 3366 582 3444 quidem
602 3367 753 3424 hominem
774 3366 899 3424 fecerim
922 3384 1011 3442 quem
1033 3384 1107 3441 spes
1126 3365 1191 3438 alit,

339 3451 500 3526 Vitemque
521 3452 609 3510 vanis
632 3452 773 3527 speribus
793 3451 886 3508 laetat
907 3469 1003 3509 suam.

343 3533 404 3596 Sed
427 3555 536 3613 nempe
557 3535 683 3612 pulchre
702 3537 804 3596 vivere
826 3544 879 3594 aut
898 3535 1023 3611 pulchre
1040 3534 1120 3592 mori

273 3625 325 3680 480
342 3620 496 3694 Expetere
515 3621 654 3680 honestis
678 3629 708 3678 et
725 3621 799 3680 viris
821 3639 925 3680 verum
947 3628 1004 3678 est.
1029 3628 1129 3677 tenes.

343 3701 399 3763 Ch.
436 3704 553 3762 ¹Aliena
574 3704 654 3763 dieta
674 3705 750 3764 haee
772 3705 910 3782 telequi
930 3723 1023 3764 nemo
1045 3711 1183 3762 autumet
