3059 4492
702 510 740 570 tt

262 680 372 738 Inflata
393 679 488 736 verba
505 697 572 736 rore
595 656 653 737 non
675 682 819 740 Achaico.
871 681 994 760 [Verqtt.
1009 685 1095 743 catal.
1105 683 1133 756 7,
1143 685 1173 762 l]

262 763 381 824 Stolide
404 763 504 821 faceta
524 763 605 820 ducit
628 766 707 823 hunc
723 766 879 824 vernilitas

261 850 400 926 Linguae
420 849 566 925 elegantis
586 868 747 926 perperam
767 852 913 910 affectans
933 853 1024 912 sales.

261 935 349 994 Alius
363 933 505 1007 loquendi
520 934 612 1010 figere
630 936 753 1012 ignarus
772 936 892 993 modum
928 938 1174 1013 [Dauzaputeri]

262 1019 439 1080 Orationem
462 1018 592 1076 admittit
613 1029 701 1078 extra
718 1021 875 1093 terminos,

261 1107 362 1180 Quem
384 1123 444 1161 non
467 1104 595 1161 habenis
618 1103 723 1164 Circus
748 1106 852 1165 effusis
872 1105 963 1183 capit.

261 1191 314 1250 Sic
335 1187 486 1246 incolendi
507 1189 608 1265 perdit
630 1209 751 1248 omnem
774 1191 900 1268 gratiam

260 1277 297 1333 In
317 1274 478 1332 laxitatem
498 1274 578 1332 ruris
598 1293 762 1334 excurrens
785 1276 903 1334 domus.
979 1275 1091 1351 [Saoce.
1101 1277 1131 1334 ll.
1142 1275 1174 1352 9]
1245 1301 1247 1310 ¹

262 1359 401 1420 Offendit
422 1357 498 1416 alios
520 1358 652 1434 planitas
675 1361 855 1435 aequabilis,
1028 1361 1174 1438 [Lipsius]

261 1447 363 1521 Quam
387 1442 502 1502 Caesar
522 1443 604 1517 olim,
630 1464 720 1519 quam
739 1445 857 1504 colebat
875 1443 1012 1517 Tullius3

261 1529 452 1589 Constrictae
472 1529 504 1585 in
525 1538 638 1587 arctum
658 1548 735 1605 quos
752 1532 857 1588 iuvant
877 1531 1023 1608 argutiae,

261 1617 351 1690 Quae
373 1633 430 1690 per
449 1613 585 1672 salebras
606 1615 752 1688 saltitant,
773 1636 833 1674 non
856 1616 1023 1687 ambulant;

260 1702 311 1772 Et,
334 1699 406 1757 dum
428 1698 558 1775 legentis
580 1700 685 1757 haeret
707 1702 905 1777 exspectatio,

261 1784 507 1861 Intelligendum,
530 1802 619 1858 qnam
639 1785 811 1862 legendum,
829 1786 898 1863 plus
913 1785 1022 1843 ferunt.
1060 1783 1174 1862 [Saoce.

305 1870 394 1945 Quae
417 1868 547 1926 delicata
568 1869 632 1927 vult
653 1872 763 1928 morari
784 1871 909 1943 lumina,
1102 1872 1132 1929 ll.
1145 1871 1174 1948 1]

261 1957 301 2014 Et
315 1955 454 2029 linquere
471 1953 591 2027 animis,
607 1956 684 2029 quod
702 1964 873 2032 reportetur
891 1956 1024 2028 domum,

263 2041 310 2101 Sit
331 2039 517 2110 succulenta,
539 2059 598 2097 non
621 2040 716 2098 obesa
738 2041 845 2112 oratic,

262 2125 407 2196 Illustris,
428 2136 510 2200 apta,
533 2124 657 2198 nobilis,
677 2144 747 2184 sese
767 2125 896 2182 efferens
932 2141 933 2147 ¹

261 2211 332 2269 Non
352 2209 430 2267 mole
453 2210 564 2281 carnis,
588 2210 643 2268 sed
665 2210 774 2268 torosis
796 2210 928 2268 artubus.

263 2293 418 2356 Sermonis
438 2294 499 2352 ista
521 2295 647 2366 sanitas,
669 2303 702 2353 ut
725 2296 873 2371 corporis3

262 2381 336 2440 Nou
358 2398 435 2438 sana
455 2384 570 2436 tantum
592 2383 738 2451 membra,
760 2399 863 2439 verum
888 2379 1010 2436 alacria.
1087 2375 1088 2382 '

263 2466 311 2526 Sit
330 2484 490 2525 aureorum
515 2465 582 2522 luce
605 2466 763 2523 verborum
785 2465 850 2538 lita,

263 2551 311 2612 Sit
332 2557 454 2625 compta
471 2550 574 2607 nativa
593 2550 706 2623 indole,
731 2559 760 2625 et
782 2570 843 2609 non
868 2549 1024 2626 squalidae

262 2635 462 2710 Antiquitatis
485 2635 624 2693 obsoleta
647 2635 798 2694 sordibus.

264 2721 316 2782 Sic
339 2728 448 2778 cuncta
468 2720 574 2793 variet,
598 2729 714 2778 constet
730 2729 764 2778 ut
786 2719 894 2779 similis
915 2719 982 2778 sib'i.

263 2805 379 2866 Similis
401 2805 460 2864 sibi
480 2805 524 2863 sic
542 2813 674 2886 constet,
696 2814 729 2862 ut
745 2806 829 2863 varie
850 2805 941 2862 iuvet.

263 2893 363 2966 Quem
384 2889 482 2965 pascit
500 2891 620 2947 avidum
643 2890 771 2948 masculi
793 2909 899 2948 succus
920 2889 992 2962 stili,

263 2976 393 3053 Semper
412 2983 532 3032 recente
553 2976 689 3052 postulat
707 2977 791 3033 refici
814 2975 901 3051 dape.

263 3063 303 3120 Et
323 3061 475 3119 audiendo
499 3060 549 3118 vel
570 3061 696 3138 legendo
716 3061 834 3133 frivola,

263 3146 402 3223 Conviva
423 3153 566 3221 tanquam
589 3144 730 3222 languido
751 3145 909 3204 stomacho
932 3145 1078 3216 oscitans,

263 3231 298 3292 Si
320 3231 364 3289 nil
387 3232 535 3289 iacentem
558 3231 742 3288 recreaverit
762 3232 884 3301 famem,

261 3317 372 3376 Risum
393 3317 427 3374 in
449 3315 641 3391 quibusdam,
664 3336 805 3374 somnum
825 3317 854 3373 in
879 3315 948 3372 aliis
969 3312 1020 3370 rix
1043 3317 1134 3368 tenet.

281 3486 348 3544 Hoc
365 3505 480 3544 carmen
499 3487 667 3560 inscriptum
686 3495 727 3542 eat
745 3485 822 3541 Albo
843 3483 1007 3539 Amicorum
1022 3481 1156 3540 Danielis

480 3570 602 3638 Harrei,
626 3589 689 3626 cum
711 3570 762 3625 hoc
786 3568 964 3643 tetrasticho:

265 3654 350 3712 Haec
368 3655 476 3713 melius
494 3655 593 3712 fuerat
614 3653 748 3711 tenebris
768 3653 910 3710 damnata
930 3651 1023 3725 sileri,

306 3741 346 3798 Et
367 3741 466 3799 maius
487 3739 617 3816 pretium
640 3738 833 3797 dissimulare
852 3738 944 3796 foret:
