3059 4492
695 496 736 555 ³3

299 665 340 722 Et
361 682 474 722 vacuae
493 682 513 720 a
533 665 620 722 nobis
644 665 732 743 exige
754 665 863 725 mentis
888 685 976 742 opus.

258 752 306 808 Me
329 750 414 807 iuvat
432 767 561 806 exorare
582 751 695 807 malurn
720 750 794 808 hoc:
816 751 924 825 quibus
945 753 998 809 illa
1018 752 1132 827 pianda
1165 779 1166 786 ¹

300 833 453 895 Auxiliis:
474 851 534 908 quo
555 834 596 892 sit
615 843 681 892 ture
702 834 819 892 litanda
840 835 913 892 mihi

259 919 508 995 (Formidandum
531 919 630 995 aegris
655 928 745 994 atque
763 919 955 995 implacabile
977 923 1102 1000 numen)

300 1005 372 1064 Una
394 1004 490 1061 tribus
511 1003 611 1062 Furiis
634 1005 736 1062 addita
758 1013 865 1079 quarta
886 1025 984 1064 soror.

258 1089 336 1149 Post
356 1089 505 1148 subducta
524 1088 598 1164 polo
621 1090 767 1147 caelestia
788 1090 904 1148 semine
925 1091 1076 1166 flammae,

300 1177 400 1248 Atque
426 1172 628 1232 Prometheae
652 1178 776 1232 conscia
798 1176 879 1232 furta
899 1195 1019 1250 manus,

258 1260 363 1318 Prima
384 1259 555 1334 peregrinis
574 1259 665 1318 Erebi
689 1269 780 1334 caput
801 1260 910 1317 extulit
933 1263 1006 1334 oris,

270 1398 274 1406 .
299 1345 427 1402 Insueta
448 1355 478 1400 et
498 1344 582 1400 vultu
603 1345 710 1401 terruit
733 1353 816 1402 astra
841 1363 905 1416 suo,

258 1431 432 1490 Morborum
458 1437 487 1485 et
507 1429 601 1486 traxit
622 1429 735 1487 ferales
756 1429 854 1504 prima
876 1429 1025 1502 cohortes3

302 1513 403 1588 Seque
426 1514 531 1570 ducem
553 1514 644 1572 iussit
663 1522 693 1570 et
716 1533 772 1572 sua
794 1515 882 1592 signa
905 1516 999 1589 sequi.

258 1601 333 1659 lnde
358 1599 513 1657 hominum
536 1599 657 1657 miseris
678 1599 846 1657 cervicibus
868 1599 1005 1658 imminet
1026 1602 1142 1674 hostis3

301 1683 409 1743 Calcat
431 1693 461 1741 et
479 1684 622 1759 imposito
643 1683 764 1741 subdita
788 1683 869 1742 colla
892 1685 978 1760 pede.

259 1770 286 1829 0
310 1769 415 1827 dulces
437 1769 569 1840 animae,
592 1768 694 1844 siqui
717 1771 885 1844 superestis
909 1771 1008 1843 amici,

300 1855 371 1912 Iure
392 1853 526 1912 sodalitii
546 1862 671 1928 pectora
691 1856 793 1911 iuncta
816 1855 899 1925 mihi,

259 1938 395 2014 Accipite
417 1939 473 1998 has
495 1939 657 2014 lacrymas,
682 1939 816 2015 supremi
839 1939 965 2016 pignora
987 1940 1096 2014 luctus,

302 2023 477 2098 Tristiaque
500 2024 607 2081 atratis
632 2024 766 2080 carmina
786 2025 869 2100 picta
890 2024 978 2082 notis.

259 2111 299 2169 Et
318 2109 373 2167 tibi
397 2127 453 2166 nec
475 2109 572 2168 nostri
592 2109 632 2170 sit
653 2109 769 2167 funeris
791 2109 897 2166 ultima
920 2127 1001 2181 cura,

262 2198 264 2203 '
301 2194 454 2252 Devotum
476 2194 589 2266 Musis„
608 2194 696 2251 docte
718 2194 856 2266 Melisse,
880 2201 977 2269 caput.

260 2279 312 2342 Sic
332 2279 388 2336 tibi
413 2280 474 2338 sint
494 2279 600 2336 faciles
621 2278 767 2337 Boeotico
786 2279 910 2336 numina
931 2281 1049 2352 Musae,

301 2365 510 2441 Impediatque
530 2374 598 2421 tuas
621 2364 724 2422 laurus
744 2361 835 2421 odora
855 2383 969 2422 comas.

258 2457 358 2524 Atque
381 2450 465 2521 olim,
490 2449 668 2525 quandoque
689 2449 749 2506 mei
770 2468 828 2506 non
851 2449 948 2506 inscia
969 2449 1024 2505 fati

302 2535 407 2594 Vertat
424 2537 457 2592 in
479 2535 629 2592 auriculas
652 2535 762 2591 nuncia
784 2535 866 2592 fama
889 2543 969 2606 tuas,

258 2618 409 2680 Omnibus
430 2621 547 2677 indicas
568 2620 617 2676 fac
638 2619 762 2690 luctum,
784 2619 902 2690 Paulle‚
928 2617 1047 2695 poetis3

300 2706 350 2776 Et,
373 2704 490 2778 Nostri,
515 2705 609 2775 dices,
631 2723 703 2781 pars
725 2705 783 2761 fuit
803 2703 855 2761 ille
877 2704 970 2762 chori.

258 2789 310 2850 Sic
332 2790 427 2863 dices,
452 2790 627 2863 tumuloque
651 2789 737 2848 dabis
759 2797 812 2845 tna
836 2790 969 2846 carmina
992 2793 1111 2856 nostr03

292 2874 555 2952 ,Carminibusque
578 2875 639 2932 tuis
660 2875 796 2931 carmina
815 2875 907 2951 iunge
927 2892 1009 2930 mea:

216 2947 221 2958 ⁸
257 2960 336 3019 Heio
357 2961 433 3018 situs
454 2970 511 3033 est,
533 2960 584 3035 qui
604 2978 660 3016 nec
680 2960 769 3030 vixit,
788 2977 844 3016 nec
866 2967 999 3016 mortuus
1023 2955 1094 3013 olim
1115 2963 1172 3028 cst,
1274 3027 1283 3040 ι

300 3045 381 3103 Nam
404 3065 486 3104 mors
510 3046 580 3104 viva
600 3045 663 3114 illi3
686 3052 802 3102 mortua
825 3045 886 3102 vita
909 3045 975 3102 fuit.

342 3139 450 3206 Scripsit
467 3155 550 3204 aeger,
570 3149 595 3190 et
611 3140 733 3189 laborans
750 3139 815 3189 febri
835 3147 968 3204 quartana.

397 3299 448 3356 3¹.
492 3300 531 3356 Ia
555 3297 668 3354 Olorem
689 3298 844 3370 insiqntum
866 3294 900 3350 P.
924 3293 1046 3352 Melissi.

257 3379 403 3456 Quisquis
425 3383 507 3458 picta
527 3383 588 3438 mei
610 3381 687 3458 legis
710 3387 889 3457 argumenta
906 3376 1036 3448 Melissi,
1136 3381 1141 3390 '

300 3467 375 3543 Ipsa
394 3467 458 3526 suis
479 3467 569 3524 etiam
592 3466 674 3524 disce
695 3466 810 3522 referre
830 3463 922 3520 notis.

256 3551 455 3610 Flexanimas
475 3571 564 3610 voces
589 3551 699 3628 signat,
728 3559 895 3622 cantusque
915 3554 1023 3622 poetae
1060 3593 1065 3608 .

300 3637 439 3697 Blandus
461 3636 534 3710 olor,
558 3636 639 3694 dulci
660 3643 779 3712 gutture
803 3651 925 3690 carmen
946 3631 1045 3691 hians.

257 3723 343 3782 Idem
367 3723 458 3780 etiam
481 3723 578 3780 niveis
599 3723 703 3796 passis
726 3725 888 3797 argenteus
910 3715 978 3786 alis,

950 3815 969 3872 3
