3059 4492
882 245 967 290 ς,

711 476 862 572 -κο-υ-

334 642 423 726 ἔργον
450 640 503 726 ἔην
524 643 636 726 κήπου,
660 644 729 727 περὶ
753 643 788 706 δέ
810 641 994 725 πραπίδεσσι
1011 638 1141 708 κέκαστο

334 726 449 834 ὄρχους
471 749 518 789 τοι
536 725 676 810 κομέειν,
701 727 753 792 καὶ
779 726 939 810 σπέρματα
961 726 1059 787 πάντα
1083 723 1248 808 βαλέσθαι,
1372 786 1373 815 ,

332 834 385 873 και
408 811 609 898 κομιδήσιιτδ
624 815 714 894 Ινοῖμα
733 810 932 896 περικτιόνων
957 811 1129 895 ὀχετεῦσαι.

210 951 213 968 ,
333 897 454 980 κράμβη
468 897 524 978 μὲν
539 900 692 979 πρασιαῖς,
707 896 919 980 ’πλατύφυλλα
930 917 963 956 τε
978 895 1090 955 σεῦτλα
1101 890 1249 978 πεφύκει,
1372 886 1373 889 “

334 979 504 1063 αι’νξιθαλής
527 979 678 1060 λάπαθυς,
701 981 753 1044 καὶ
777 979 969 1063 δενδροφυὴς
993 979 1162 1062 μαλαχείη,

332 1064 465 1146 παιδείης
484 1063 619 1148 κρόμυον
641 1087 674 1128 τε
698 1067 893 1149 φερώνυμον,
920 1061 969 1148 ἠδ’
992 1061 1161 1147 ἐρέβινθος,

332 1147 383 1210 καὶ
404 1149 509 1231 μήκων
533 1155 669 1254 ψυχρήσι
691 1149 893 1234 καρηβαρίαις
912 1147 1100 1229 πολυαληὴς,

333 1231 491 1315 δαψιλέσι
512 1255 545 1295 τε
565 1255 687 1318 τεκμωρ
709 1237 728 1316 ἡ
749 1235 880 1317 θριδάκη
896 1232 1094 1305 είλαπινάων,

334 1316 472 1399 ὀγκῶδές
494 1315 522 1380 τ>
550 1317 599 1379 ἐπὶ
620 1319 725 1402 γαστρὶ
747 1316 931 1400 κυισκομένη
954 1315 1134 1396 κολοκύντη.

332 1401 495 1546 ίίοόῖίθ
515 1400 692 1548 ἶῗοίῖλοό
708 1399 1228 1549 (ῖέ’ίλίέῖλῗέῖλῖλὲὒωῦί

332 1568 424 1630 ὤνιον
448 1510 635 1652 ἐμπεράᾶων
659 1510 803 1655 λαμβάνωμν
823 1509 959 1652 ἄώμυθα
981 1567 1140 1652 φέρεσκεν.
1373 1518 1374 1569 θ

332 1649 409 1714 ἔνθα
432 1651 558 1736 δόμονδ’
584 1653 762 1739 ἀπόφορτος
787 1655 885 1737 ἀνήϊε,
903 1653 1032 1737 κε’ρματι
1052 1653 1180 1738 βρίθων,

335 1737 416 1819 μηδὲ
437 1739 659 1820 κρεωπωλείου
683 1739 812 1821 ἐδητύος
830 1739 1043 1824 ἀντιβολήσας.

331 1819 503 1904 κρόμμυον,
523 1823 581 1904 ήδὲ
602 1824 732 1906 πράσοιο
755 1824 963 1908 περισχίστοιο
987 1821 1087 1903 ἀλωὴ,

332 1906 417 1989 βῖνας
438 1905 646 1992 ἐπιστύφοντα
667 1931 700 1969 τε
721 1909 868 1991 κάρδαμα
889 1907 977 1990 λιμδν
1000 1905 1128 1984 ἄλαλκε,

331 1989 491 2058 εἱλίποδεςΙ
505 1996 669 2077 κιχορεῖαι,
692 1991 836 2074 ἐόζωμόν
858 2015 892 2054 τε
912 1993 1052 2085 θυραῖον.
1196 2071 1201 2080 ¹

330 2098 346 2114 μ
366 2077 381 2093 ⁶⁸
506 2076 515 2095 f
591 2077 614 2098 l*
685 2077 693 2100 (
725 2077 732 2098 λ
806 2077 814 2100 Ὶ
910 2077 917 2099 Ὶ
967 2077 987 2120 ΙΙ
1100 2075 1109 2093 Ῑ

330 2076 767 2248 ᾆλίάτῗρίρίίίζῖὲαῖὲξι
784 2078 1053 2244 ῖλδὸλῖίάίῖῖί
1073 2095 1217 2242 ῖίζζήλς

330 2242 444 2326 γηόθεν
469 2243 683 2330 αὐτοκόμοισιν
707 2245 766 2329 ἀμ’
789 2247 976 2328 αίηλίθεσσιν
997 2246 1134 2326 ἀποσπᾷ.

330 2329 382 2389 καὶ
404 2328 495 2412 βυτήν
515 2331 661 2415 χλοερὴν,
685 2331 891 2415 βραχόφυλλα
912 2352 946 2391 τε
967 2331 1053 2392 τῖλλε
1073 2326 1192 2405 σέλινα,

331 2412 383 2474 καὶ
404 2413 549 2494 κορίαννα
572 2413 701 2500 κρόκησι
725 2417 861 2499 κατήρεα
880 2413 1079 2496 λεπταλέησι.

329 2497 381 2559 καὶ
404 2496 472 2558 τάδ’
497 2499 708 2583 ἀμερξάμενος
728 2523 785 2584 περ
809 2500 856 2562 ἐπ’
881 2497 1051 2583 ἐσχαρόφιν
1075 2497 1227 2580 ἐκάθητο.

331 2581 454 2662 δμωίδα
478 2583 510 2644 δ’
534 2583 655 2653 αἰτίζων
679 2584 810 2667 εὐεργέα
832 2584 928 2666 όλμον
952 2584 1049 2646 ἀύτεῖ.

331 2664 423 2740 ἀν,δέ
445 2670 578 2749 χιτῶνας
601 2667 712 2752 ἄτερθε
733 2668 951 2753 πολυπτυχέας
975 2665 1110 2750 ἀπόερσε

332 2750 441 2830 φλοιὸν
465 2749 635 2832 ἀνιέμενος,
659 2752 719 2814 ἀπὸ
744 2753 780 2814 δὲ
800 2753 895 2836 βόπον
916 2753 974 2836 ήκε
994 2753 1117 2835 χαμάζε
1180 2802 1185 2810 ,

328 2833 481 2910 κωδειῶν,
505 2834 620 2920 βόλβου
639 2858 672 2897 τε
693 2837 894 2920 κεβληγονίην
916 2838 1034 2920 ἐδίηνεν

331 2915 425 2979 ι’ίδασ>
451 2917 482 2980 ἐν
507 2920 658 3001 ἀγρώστει
683 2920 858 3003 εἰλημένου,
881 2923 913 2983 ἐν
937 2923 966 2985 δ’
992 2919 1108 3004 ἐφέηκε

329 3002 447 3064 λοίκτιδι
466 3003 573 3087 λαϊνέη
598 3003 749 3089 χόνδρους
778 3006 853 3074 ἀλδς
878 3004 997 3089 ἄμμιγα
1018 3005 1158 3067 πάσσων.

330 3085 362 3147 ἐν
386 3087 414 3148 δ’
438 3086 499 3171 ἀρα
519 3090 721 3173 τυροτάριχον
746 3091 826 3172 όμοῖ
851 3091 993 3175 βοτάναις
1016 3089 1152 3171 ἐπίηλεν,

329 3172 404 3254 λαιή
428 3177 551 3255 σπεῖρον
575 3174 655 3236 ἐλὼν
680 3175 839 3260 βουβῶνος
861 3175 936 3259 ὑπὲρ
959 3174 1091 3238 λασίυιο.

329 3255 464 3340 δεξιτερή
486 3257 515 3319 δ’
541 3257 646 3343 ὑπέρῳ
670 3257 827 3342 σκορόδων
850 3259 940 3341 μένος
963 3259 1057 3343 ἁδρὸν
1080 3258 1195 3341 ἀλήθει

329 3340 493 3425 ἀμφύρδην
519 3343 694 3424 μιχάδεσσιν
713 3343 926 3427 ἐπινβώχοντος
948 3345 1061 3406 ὀποῖσι.

328 3429 419 3507 χεῖρα
442 3425 471 3487 δ’
497 3426 762 3512 ἐπιστρωφῶντος,
784 3428 836 3489 έδν
860 3427 952 3510 μένος
974 3428 1026 3498 δίδ
1049 3427 1179 3490 λέλοιπε

327 3507 415 3574 πάντ’
441 3509 561 3592 ἄμυδις,
583 3511 637 3594 μία
660 3512 689 3574 δ’
711 3511 745 3574 ἐκ
762 3514 889 3596 ,πολλῶν
909 3512 1078 3595 ἐπενήνοθε
1097 3515 1209 3616 χροιὴ,

328 3589 365 3653 οὐ
387 3594 460 3674 μάλ’
485 3594 678 3680 όλόχλωρον,
704 3594 838 3680 θρόμβοι
861 3597 888 3658 δ’
912 3596 990 3681 ἦσαν
1011 3600 1207 3679 γλαηοεντες,

328 3674 364 3739 ού
389 3676 563 3760 γλαγόεσσα
587 3681 622 3743 δὲ
643 3683 782 3763 πάμπαν,
809 3680 876 3744 ἐπεὶ
895 3682 992 3766 χλόος
1012 3682 1219 3767 ἀμφιδεδήει,
