3059 4492
614 552 764 646 gq—

234 714 292 780 ΛΓ.
314 711 358 778 Εἴ
376 736 414 784 σεΙ
432 712 517 820 τύχη,
535 720 588 801 τῆς
613 721 666 800 σῆς
688 717 779 800 αἴσης
801 717 843 801 μὴ
864 718 990 800 πάμπαν
1010 715 1145 802 ἀρέσκει,

316 795 415 862 Εἴσιδ
434 798 467 868 ἐς
481 801 578 864 αλλου
599 801 727 885 πότμον,
752 801 818 886 δσιρ
836 805 908 863 τεοό
926 800 990 862 ἐστὶ
1002 802 1145 884 χερείων.

234 885 295 950 ΛΔ.
315 880 700 970 Τοῖςδυνατοῖςέπιχείρει.
711 887 946 971 ἐρετμοῖςπλεῖν
954 884 1012 968 γὰρ
1020 884 1145 968 ἄμεινον

317 966 396 1031 Θῖνα
415 968 491 1050 παρ’
516 971 700 1054 εἰναλίην,ἴγ
727 971 833 1052 λαίφει
854 971 917 1055 όλιρ
937 970 1121 1052 πελαγίζειν.

233 1048 293 1115 ΛΕ.
317 1051 372 1134 Μὴ
396 1051 510 1136 βούλου
531 1055 645 1124 ἀδίκως
667 1054 858 1140 ἐριδαινέμεν
883 1055 969 1137 ἀνδρὶ
991 1055 1109 1138 δικαίιρ.

319 1132 389 1199 Τῶν
414 1136 537 1220 ἀνόμων
560 1139 633 1208 θεὸς
652 1140 730 1203 ἐστὶν
755 1141 804 1202 ἀεὶ
824 1140 970 1222 τιμήορος
991 1137 1101 1220 δργῶν.

233 1222 286 1289 Λς.
316 1216 387 1282 Τῶν
401 1225 455 1284 σεδ
465 1222 675 1308 ἀτεμβόμενος
687 1226 727 1307 μὴ
737 1229 851 1286 ποτνιῶ
869 1222 1058 1308 άγχνύμενος
1070 1225 1145 1306 κῆρ·

317 1301 420 1388 Χαῖρε
433 1305 605 1388 δὲμᾶλλον,
625 1308 695 1371 ὅταν
709 1308 774 1371 τινὰ
789 1309 891 1393 συμβῇ
910 1308 958 1369 σοὶ
971 1308 1145 1378 κτεατίζειν.

219 1384 293 1449 -ΛΖ.
310 1388 461 1472 Ἀτλητον
473 1392 587 1477 βλάβος
600 1393 673 1469 ἐστὶ,
682 1391 936 1478 τύχαιςτάένόντ’
947 1391 1145 1475 ἀποβάλλειν.

311 1469 414 1536 Ἔστιν
440 1474 471 1536 δ’
488 1474 562 1539 ἄττα
586 1476 701 1561 φέρειν,
729 1478 811 1562 φίλε,
834 1479 883 1539 δεῖ
892 1475 1031 1559 τετληότι
1042 1475 1144 1562 θυμηῖ.

233 1553 297 1619 ΛΗ.
315 1554 369 1640 Μή
391 1580 439 1622 σοι
463 1558 653 1642 ἐπαγγέλλου
676 1564 821 1648 μήκιστον
843 1561 941 1645 τέρμα
964 1561 1053 1646 βίοιο.

317 1639 445 1725 Σώματι
465 1642 534 1727 γάρ,
548 1645 616 1708 σκιά
634 1647 687 1722 ῶς,
703 1648 809 1710 ἕπεται
824 1645 928 1730 μόρος,
939 1642 995 1730 ᾗχι
1014 1643 1146 1729 πορεύη.

234 1723 296 1788 ΛΘ.
311 1724 455 1789 Ἱλάσκου
479 1728 605 1792 θυέεσσι
626 1731 718 1794 θεόν·
745 1732 815 1794 λίπε
839 1730 956 1815 μόσχον
981 1728 1114 1814 ἀρότρῳ,

318 1809 411 1895 Μηδέ
433 1834 481 1894 μιν
499 1813 661 1896 ἐύμενίσαι
687 1817 772 1880 δόκει
792 1816 898 1898 αἴματι
913 1817 965 1878 καὶ
981 1814 1147 1898 σφαγίοισι.
1198 1878 1203 1884 ,

234 1890 274 1956 Μ.
318 1892 392 1960 Είκε
413 1896 490 1980 τύχη
513 1899 654 1984 μάλαπερ
674 1900 896 1987 βεβλαμμένος,
919 1898 983 1962 εἶκε
1001 1901 1147 1981 κραταιῷ.

312 1977 353 2044 ‘0
378 1982 498 2066 βλάψας
518 1985 552 2046 τδ
574 1990 695 2066 πρῶτον
719 1985 788 2070 ἔχοι
810 1977 884 2046 πάλὶ
903 1985 957 2045 καί
973 2005 1007 2044 σε
1029 1983 1147 2063 όνῆσαι.

235 2061 369 2128 ΜΑ.Ἧν
390 2066 420 2127 τί
439 2089 513 2128 ποτε
533 2069 672 2153 πταίσης,
694 2073 816 2136 πυκνῶς
838 2068 1002 2149 ἐπίπληΕον
1033 2067 1146 2147 ἑαυτιγῑ.

321 2148 443 2233 Τραόμ’
453 2150 505 2214 ὅτε
516 2153 553 2235 δὴ
563 2153 743 2238 θεραπεόεά
758 2149 1147 2233 ἄκοςπέλειᾶλγιοςᾶλγος.

236 2229 371 2318 ΜΒΜΙΓη
397 2238 636 2318 καταγινώσκοια
661 2239 773 2324 χρόνον
796 2238 872 2318 μετὰ
886 2238 1001 2320 μακρὸν
1015 2234 1148 2318 ἑταίρου.

320 2311 359 2384 Εἰ
373 2321 407 2382 δὲ
420 2319 532 2406 ἄμειψε
543 2323 684 2406 τρόπους,
703 2324 740 2386 τὰ
756 2324 852 2385 πάλαι
868 2321 1003 2405 μέμνυσο
1022 2320 1134 2382 δίκαια.
1237 2357 1244 2366 ,

237 2399 305 2465 ΜΓ.
320 2402 389 2467 Τῶν
411 2404 595 2488 εὐεργεσιῶν
620 2410 708 2493 χάριν
732 2407 808 2482 ἴσθ’,
830 2406 878 2468 ἴνα
901 2408 1043 2490 φίλτερος
1062 2402 1137 2485 εἴης.

320 2486 384 2554 Καὶ
407 2491 447 2574 μὴ
472 2491 488 2551 ό
504 2491 688 2576 θρυλληθεὶς
703 2493 886 2576 ὀλεσίχαρος
899 2489 992 2556 αὐτὸς
1004 2487 1150 2570 ἀκούσης.

237 2569 305 2635 ΜΔ.
319 2572 450 2658 Μίγποθ>
466 2575 599 2644 όποπτος
623 2575 706 2659 ἔμεν,
728 2578 769 2661 μὴ
794 2576 933 2657 νωλεμὲς
953 2573 1061 2641 ἄθλιος
1077 2571 1149 2655 εἴης.

324 2660 446 2727 Δειλοῖς
473 2659 529 2745 γὰρ
554 2662 686 2730 θάνατος
707 2663 757 2725 καὶ
781 2662 1002 2743 όποπτευτξγσιν
1026 2656 1149 2742 ἄρηρεν.

239 2738 307 2806 ΜΕ.
321 2741 376 2812 Εἰς
399 2745 477 2811 ἰδίας
499 2746 607 2830 χρείας
631 2748 830 2829 ὠνησάμενος
850 2745 1052 2828 θεράποντας,

318 2827 522 2911 Ἀνθριύπους
537 2829 674 2913 μέμνησο
691 2831 808 2907 πέλειν,
823 2829 955 2897 δούλους
965 2850 1021 2910 περ
1036 2825 1151 2893 ἔοντας.

239 2910 300 2980 Μς-
322 2911 437 2976 Αὐτίκα
457 2918 512 2976 τοῦ
533 2917 656 2998 πρώτου
680 2920 790 3000 καιροῦ
815 2912 976 2998 μελέδαινε
990 2911 1151 2996 λαβέσθαι.

323 2994 377 3079 Μὴ
399 2999 473 3060 πάλι
500 2998 601 3083 δίζηαι
622 3021 690 3083 περ,
714 2999 733 3062 ἃ
756 3000 824 3083 πρὶν
849 2998 998 3080 ὀλίγωρος
1019 2998 1150 3078 ἀφῆκας.

239 3079 308 3146 ΜΖ.
323 3080 475 3166 Αίφνιδίιμ
499 3083 608 3146 δειλῶν
631 3084 756 3168 θανάτῳ
781 3084 821 3165 μὴ
848 3081 957 3165 σφόδρ’
982 3080 1132 3163 ἐπίχαιρε.

322 3162 479 3249 Εὐτυχέες
500 3167 677 3252 θνήσκουσι,
699 3166 777 3230 τέων
823 3167 867 3234 ίος
891 3165 968 3227 ἐστὶν
991 3164 1106 3230 ἀθῶος.

238 3248 362 3316 ΜΗ.Εί
386 3250 567 3336 σύλλεκτρον
589 3251 681 3336 ἔχεις,
702 3251 809 3334 ἴναμη
829 3247 1039 3312 σοιτάκτέατ’
1056 3244 1151 3331 ἔμβοι,

323 3332 386 3398 Καὶ
394 3333 483 3402 κλέος
493 3337 602 3400 ἐσθλὸν
611 3335 718 3400 ὄλοιτ’.
729 3335 840 3420 ἄφιλον
853 3335 942 3418 φίλον
952 3333 1016 3395 αἰὲν
1025 3331 1151 3393 ἀλεύου.

238 3417 374 3484 ΜΘ.Ἦν
395 3441 471 3482 ποτε
493 3422 682 3504 πουλυμαθῇ
696 3422 799 3504 συμβῇ
815 3418 927 3501 μελέτη
951 3414 1152 3498 σὲγενέσθαι,

324 3503 1151 3590 Πλείοναμάνθαν’.ἀνήνασθαιδὲμαθεῖντιπαραιτοῦ.

237 3587 278 3654 Ν.
317 3584 405 3654 Ὅττι
427 3593 556 3676 συνείρω
579 3589 636 3672 ἔπη
661 3593 803 3674 γυμνοῖσι
828 3586 956 3669 λόγοισι,
978 3584 1131 3668 τέθηπας;

316 3669 397 3755 Ἥγε
419 3674 457 3756 δὴ
483 3677 626 3760 εὐσταλίη
649 3677 774 3757 γνώμης
797 3673 871 3734 τάδε
896 3670 1001 3734 σύνδυ’
1024 3669 1133 3732 ἔνωσε.

891 3843 927 3903 17
