3059 4492
322 595 365 655 Di
386 595 542 672 prohibete
566 596 663 654 nefus.
687 595 829 667 habeant,
853 613 927 668 quos
948 599 1087 669 tempore
1110 594 1193 654 nullo

321 682 405 740 Laus
429 680 530 738 aliena
551 681 623 738 sinit
644 699 767 740 securos
792 698 918 756 corpere
941 697 1077 751 somnos,

322 766 418 841 Inque
440 765 508 824 aliis
531 765 634 837 odere,
657 765 715 824 sibi
735 766 813 840 quod
834 765 945 823 abesse
962 772 1143 842 queruntur,

323 849 397 910 Non
419 869 497 926 quos
519 850 659 928 ingenuis
683 850 826 907 decorant
849 849 1122 926 natalibnst'sntns,
1232 883 1235 887 ·

322 936 363 994 Et
383 936 492 1010 quibus
513 935 639 992 incaluit
655 934 979 1012 generososanguine
999 926 1117 1010 pectus.

323 1021 454 1080 Ventum
479 1027 527 1079 est
548 1021 587 1078 ad
609 1039 767 1078 summum.
794 1019 869 1078 nihil
890 1038 916 1076 a·
929 1017 1034 1081 livoris
1050 1019 1154 1094 ⁴iniqui

323 1104 475 1164 Dentibus
496 1105 641 1162 intactum
664 1113 720 1162 cst.
747 1104 868 1186 scandit
885 1104 946 1161 iam
968 1096 1070 1176 sidem
1089 1103 1200 1180 pestis.

325 1191 475 1266 Quocirca
495 1197 632 1250 moestae
654 1189 779 1248 deiectis
800 1183 935 1250 vultibus
952 1192 1046 1254 Artes

324 1275 429 1340 Exilio
450 1275 573 1334 voluere
596 1282 741 1348 nocentes
766 1282 884 1332 vertere
903 1281 1022 1332 terras*

289 1403 290 1408 κ
323 1361 448 1425 Exosce
470 1360 573 1437 nigros
595 1362 707 1418 mores*
719 1365 754 1416 et
771 1359 897 1417 crimine
909 1359 1059 1417 saeclis·
1164 1362 1167 1368 ’

323 1445 449 1520 Iamque
470 1445 501 1502 in
521 1445 679 1521 procinctu
699 1451 861 1517 steterant,
885 1445 1057 1518 abitumque
1078 1443 1243 1519 parebant,

326 1529 427 1606 Quum
450 1529 506 1588 tibi
527 1548 617 1602 mors,
637 1529 737 1606 lipsi,
760 1530 863 1588 fessos
885 1529 1017 1605 operiret
1034 1529 1163 1640 ocelhs.

324 1615 443 1674 Invicta
466 1622 497 1673 ct
519 1615 616 1690 pietas
638 1615 890 1690 tantispensterc
912 1615 1020 1691 coegit,
1233 1633 1237 1645 ¹

325 1699 407 1758 Dum
430 1719 573 1776 suprema
594 1717 647 1767 suo
670 1699 837 1761 solvissent
858 1699 939 1756 iusta
957 1699 1087 1776 parenti.

297 1803 299 1806 ·
325 1787 402 1844 Mox
425 1793 454 1842 te
476 1784 542 1855 illo,
566 1803 625 1858 quo
649 1793 682 1841 tu
700 1782 820 1861 fugisti,
843 1784 921 1842 calle
940 1795 1111 1858 sequentur.

325 1869 416 1929 Felix
433 1891 451 1928 o
471 1868 596 1927 nimium
618 1869 702 1926 felix.
722 1870 898 1949 niventibus
925 1869 1009 1941 olim,

325 1954 588 2014 Vixisti-studiis:
609 1955 735 2013 moreris
754 1955 953 2017 morientibus
972 1954 1093 2013 iisdem.

482 2123 529 2183 10.
570 2125 765 2200 Epitaphium
788 2126 834 2181 Io.
856 2123 978 2180 Botcelli
998 2125 1026 2180 I.
1051 2121 1082 2180 C.

327 2208 425 2286 Quae,
446 2209 594 2280 Boiselle‚
618 2209 675 2266 fuit
699 2217 838 2267 votorum
862 2227 979 2266 summa
1001 2215 1127 2279 tuorum,

369 2293 417 2350 En
435 2293 587 2352 volvendo
606 2294 684 2352 ultro
696 2293 832 2352 contulit
850 2293 923 2350 hora
940 2291 1004 2352 tibi.

329 2377 420 2452 Quod
441 2399 500 2436 non
525 2379 650 2440 ulterius
674 2378 762 2446 terris
789 2377 949 2436 considere
973 2377 1078 2449 velles,

240 2536 242 2540 .
370 2462 469 2537 Quam
491 2464 606 2538 patriae
624 2482 736 2540 posses
760 2462 845 2521 utilis
867 2481 937 2521 esse
957 2472 1037 2520 tuee.

327 2546 409 2605 Nam
431 2550 567 2622 quemvis
592 2549 701 2606 haustu
719 2547 904 2607 Phoebaeae
926 2547 1004 2606 lucis
1025 2548 1143 2604 ademto

369 2632 523 2709 Perpetuo
542 2643 611 2690 ante
635 2632 741 2691 oculos
764 2653 825 2690 nox
849 2633 933 2691 stetit
951 2640 1018 2689 atro
1037 2640 1121 2690 tuos:
1157 2623 1165 2632 ’

327 2716 517 2775 Indelibetae
535 2719 631 2776 virtus
651 2726 753 2774 tamen
775 2717 893 2794 integra
914 2717 1038 2789 mentis,

297 2847 299 2854 ,
369 2802 409 2859 Et
429 2821 485 2878 pro
506 2801 642 2862 sollicitis
666 2801 797 2878 impigra
819 2821 891 2859 curs
909 2802 984 2873 reis,

328 2885 456 2963 Semper
478 2887 637 2945 inextincti
660 2886 780 2944 suffecit
801 2887 924 2944 luminis
947 2906 1046 2958 usum,

370 2971 474 3031 (livico
496 2991 548 3046 pro
568 2969 668 3030 dubiis
693 2971 798 3030 litibus
818 2991 903 3030 arma
925 2973 1037 3030 ferens.
1065 3000 1072 3021 ι

326 3061 372 3117 Ac
395 3074 536 3134 suprema
558 3057 629 3115 licet
651 3057 749 3133 spatio
771 3057 826 3115 tibi
846 3053 909 3114 vito¹
929 3065 1052 3133 peracto

371 3140 547 3221 stringebat
564 3151 661 3200 metas
683 3142 825 3206 interiore
848 3150 933 3201 rote:

326 3229 480 3301 Mensisti,
504 3237 537 3286 ut
557 3245 666 3304 posses
688 3227 806 3302 patriae
829 3246 1010 3304 componere
1030 3225 1116 3295 lites3

370 3313 539 3388 Postquam
560 3320 710 3390 perpetua
729 3312 783 3370 lite
806 3314 936 3385 laborat,
961 3313 1038 3372 abis.

467 3485 515 3540 11.
558 3485 753 3564 Epitaphium
778 3483 896 3559 Georqii
918 3484 1103 3542 Buchaoooi.

326 3565 495 3642 Postquam
515 3567 604 3625 laude
626 3577 679 3625 tua
700 3569 842 3644 putrium,
861 3569 1038 3640 meritisque
1059 3566 1169 3638 beasti,
1242 3642 1244 3647 ,

370 3651 566 3723 Buchoncne‚
588 3653 649 3710 tuis
671 3651 752 3711 Solis
773 3660 932 3726 utrumque
950 3651 1047 3708 latus:
