3059 4492
744 543 898 638 „Q

366 785 542 865 sttttut
563 784 918 863 tutamentum
939 781 1148 884 inthologia
1171 783 1273 863 Gne·

638 908 761 963 amn
787 881 1011 982 panacea]

368 1052 437 1112 α13
670 1046 767 1131 Huius
791 1070 834 1115 τις
856 1045 981 1131 βιότοιο.

366 1135 453 1210 Quod
473 1136 554 1196 vitae
573 1135 748 1196 insistemus
769 1137 838 1209 iter,
860 1136 889 1195 si
910 1135 1004 1212 plena
1022 1133 1152 1192 tumultu

407 1222 512 1280 Rebus
535 1229 565 1279 et
584 1221 739 1298 implicitis
757 1229 828 1280 sunt
846 1220 925 1293 fura,
946 1238 1018 1277 cura
1037 1219 1125 1276 domi.

365 1306 450 1368 Rura
467 1306 553 1364 labor
574 1305 686 1366 multus
713 1307 901 1364 circumstat:
923 1305 955 1362 in
976 1323 1110 1380 aequore
1131 1309 1238 1377 terror,

408 1394 454 1451 Ac
474 1409 612 1468 peregre,
635 1392 700 1450 sive
722 1409 756 1450 es
776 1391 872 1463 dives,
891 1390 1003 1464 ubique
1024 1388 1128 1458 times3
1175 1433 1180 1440 .

367 1474 422 1536 Sin
443 1495 570 1553 pauper,
596 1495 724 1534 moeres.
745 1475 823 1536 vivis
843 1494 910 1533 cum
932 1473 1081 1550 coniuge?
1102 1472 1181 1532 curis

408 1559 479 1619 Non
502 1561 663 1620 sinceris:
687 1561 750 1618 vita
769 1579 803 1618 es
826 1560 951 1633 caelibe,
975 1559 1058 1618 solus
1080 1558 1151 1617 eris.

367 1644 520 1710 Sollicitus
544 1664 611 1703 cum
631 1646 730 1722 prole3
754 1647 847 1704 orbus
869 1645 937 1704 sine
958 1644 1059 1721 prole:
1081 1643 1206 1702 iuventa

409 1729 557 1803 Consilio,
578 1730 633 1788 sed
652 1730 683 1790 vi
704 1750 781 1788 cana
803 1738 929 1790 senecta
951 1737 1043 1787 caret.

366 1815 521 1874 Alterutra
540 1816 666 1873 istarum
690 1835 758 1874 sors
782 1816 898 1892 optima
920 1815 1060 1888 denique,
1082 1811 1132 1870 vel
1154 1831 1219 1872 non

408 1899 516 1973 Nasci,
538 1900 586 1958 vel
608 1909 711 1959 natum
734 1901 779 1960 sic
803 1901 861 1958 cito
883 1900 967 1960 obire
989 1899 1078 1970 diem,

368 2087 387 2126 α
399 2069 439 2128 38
670 2063 810 2134 Εὔκολος
825 2062 984 2147 Ἑρμείας.

356 2154 544 2224 'Mercurium
566 2154 663 2230 pueri,
687 2155 810 2212 minimo
832 2153 1002 2232 placabilis.
1026 2151 1084 2213 Ille

409 2239 513 2312 Lacte,
533 2239 584 2297 vel
604 2241 718 2317 agresti
737 2237 828 2297 melle
851 2239 954 2297 litatus
978 2237 1043 2294 erit.

366 2324 440 2383 Non
461 2324 505 2382 sic
522 2324 656 2382 Alcides.
678 2324 780 2397 Aries,
804 2333 856 2383 aut
877 2341 974 2401 agnus
996 2322 1117 2399 opimus

407 2408 564 2479 Poscitur;
584 2417 635 2467 aut
654 2409 756 2485 aliquo
778 2410 815 2467 de
835 2428 926 2488 grege
945 2408 1025 2465 lecta
1046 2424 1152 2482 pecus.

366 2493 467 2552 Dicis:
490 2496 532 2553 At
552 2493 605 2551 ille
624 2494 713 2570 lupos
735 2503 826 2553 arcet.
849 2494 937 2569 quasi
959 2492 1083 2564 referat,
1105 2499 1208 2550 utrum

383 2621 386 2630 .
409 2576 533 2651 Custos,
554 2598 632 2636 anne
652 2598 749 2656 rapax
770 2581 878 2656 perdat
893 2578 973 2638 ovile
993 2577 1094 2654 lupus.

369 2765 389 2805 α
399 2745 438 2804 43
671 2743 849 2827 Θαρσαλὲοι
865 2741 987 2807 Κελτοὶ.

367 2830 508 2890 Audaces
527 2830 632 2890 Celtae
651 2833 759 2891 Rheno
783 2833 845 2890 acri
867 2833 990 2893 flumine
1011 2831 1142 2907 primum

366 2915 542 2992 Explorant
558 2929 663 2976 natos:
683 2937 782 2992 neque
804 2919 884 2976 enim
903 2925 990 2995 pater
1011 2924 1082 2973 ante
1099 2923 1240 2987 vocatur,

368 2999 611 3076 Quampuerum
632 3011 737 3060 sancta
758 3004 855 3062 lotum
877 3001 1071 3078 conspexerit
1088 3001 1180 3060 unda.

369 3190 389 3229 α
401 3169 439 3228 A?
645 3165 729 3255 Mni'
745 3167 792 3230 ὅτ’
815 3166 864 3228 ἐπ’
885 3166 1014 3250 ἀγκύρῃ.

368 3253 431 3316 Seu
450 3254 506 3312 tibi
524 3254 679 3312 fundatam
698 3255 825 3333 puppim
846 3262 929 3312 tenet
951 3256 1096 3326 anchora,
1121 3255 1187 3314 sive

385 3383 388 3390 .
410 3340 523 3398 Portus
545 3340 646 3412 habet,
669 3341 733 3400 noli
755 3340 890 3412 credere,
910 3347 1013 3413 nauta,
1035 3339 1122 3397 mari.

367 3425 416 3484 En
436 3433 527 3501 portu
547 3426 723 3485 submersus
743 3426 801 3484 Ion
823 3427 918 3501 perit:
936 3425 990 3483 ille
1011 3424 1142 3483 natando

412 3509 532 3567 Ducere
552 3529 614 3568 non
633 3510 730 3586 potuit
754 3511 879 3568 brachia
896 3512 998 3569 vincta
1019 3529 1115 3568 mero.

370 3594 398 3653 0
419 3593 471 3666 qui
491 3611 567 3650 nave
588 3596 685 3667 vehis,
703 3604 806 3671 potum
826 3595 914 3672 iuge:
935 3603 1046 3671 pontus
1068 3595 1214 3653 Iacchum

411 3676 576 3752 (Tyrrheni
595 3680 643 3739 ius
666 3680 724 3738 hoe
745 3680 916 3756 instituere)
936 3679 1021 3758 fugin
