3059 4492
752 493 904 588 —129-

372 660 588 743 Σπανιώτερος
609 657 762 727 Φοίνικας.
780 655 836 721 Ἐκ
855 656 1005 739 στὸματος
1024 655 1129 720 λύκου.

372 743 513 828 Σπάρτης
536 742 793 827 ἐλευθερώτερος.
812 741 955 806 Γλαύκου
977 739 1080 825 τέχνη.

371 827 497 912 Σπείρει
518 827 654 910 κύμινον.
679 826 761 974 Σχχ
773 849 803 902 α,
825 827 877 889 καὶ
897 825 1079 910 τριώβολον.

372 911 537 976 Σπεύὸοντ’
561 911 705 996 ὀτρύνεις.
780 906 1069 993 γαλῆΤαρτησοία.

372 996 555 1082 Συβαριτικὴ
578 997 724 1080 τράπεζα.
746 993 899 1079 Περδίκαυ
924 993 1042 1061 σκέλος.

372 1079 555 1166 Σύμβαυλας
576 1081 657 1165 ἱερὸν
677 1084 794 1164 χρῆμα.
816 1077 942 1162 Μάρτυς
964 1076 1096 1141 οἴκοθεν.

372 1164 548 1250 Συρακοσία
567 1165 712 1250 τράπεζα.
739 1163 853 1233 Λοῖὸυξ
879 1162 1011 1232 αὐξάνει.

372 1246 421 1313 Τὸ
441 1249 522 1313 καλὰ
540 1251 673 1334 χαλεπά.
698 1245 760 1331 Τῆς
776 1246 968 1331 Ἀμαλθείας
987 1245 1089 1330 κε’ρας.

373 1330 436 1399 Τᾶν
459 1334 620 1418 πορφυρᾶν
645 1331 817 1418 λιχνύτερα.
841 1328 870 1394 Κ
891 1331 1034 1413 αυγάζεις
1048 1325 1157 1393 Ὕλαν.

374 1414 438 1486 Τὰς
461 1417 495 1480 έκ
519 1415 674 1502 φαρέτρας
693 1418 839 1501 ψηφίὸας.
862 1354 994 1500 Τύρβεις
1011 1419 1125 1478 κακῶν.
1166 1429 1171 1438 “

374 1496 495 1588 Ταχεῖα
518 1502 617 1565 πειθὼ
640 1508 700 1565 τῶν
723 1505 837 1564 κακῶν.
861 1500 907 1563 Δι’
927 1500 1098 1585 ἅρματος,

374 1580 497 1671 Τελχίν.
519 1583 595 1648 Βίαν
617 1589 656 1670 ζῇ
675 1584 847 1667 πνεύμονος
867 1585 1045 1647 θαλαττίου.

374 1668 546 1753 Τεμεσαῖυς
565 1671 659 1752 ἥρως.
684 1665 782 1737 Ούτος
804 1668 898 1738 ἄλλος
916 1666 1082 1752 Ἡρακλῆς.

374 1751 516 1839 Τήνελλα
536 1755 718 1822 καλλίνικος.
742 1749 835 1817 Οὐδ’
858 1754 940 1817 αύτω
961 1757 1074 1819 κακῶς.

374 1835 438 1922 Τῆς
458 1838 581 1922 μητρὸς,
604 1840 707 1922 ὥσπερ
732 1837 791 1914 αἲξ,
816 1841 908 1922 καλῇ.
930 1837 1083 1904 θανάτους
1105 1833 1190 1898 ὄνου.

374 1919 414 1986 Τί
435 1925 512 2007 πρὸς
530 1923 581 1985 τὸν
597 1919 731 2007 Ἑρμῆνς
745 1919 839 1991 ’Ὀνος
857 1921 939 2003 ἄγων
963 1922 1123 2005 μυστήρια.

374 2002 415 2070 Τί
433 2012 565 2092 πρῶτον,
585 2008 604 2090 ἢ
629 2007 658 2069 τί
676 2007 820 2085 ύστατον;
842 2003 974 2070 Βαλίτου
997 2006 1075 2088 ὸίκη.

375 2088 414 2154 Τί
433 2115 482 2155 σοι
503 2089 666 2155 Ἃπὸλλων
689 2089 860 2176 κεκιθάρικ’
867 2115 876 2167 3
893 2090 1009 2174 Ἀργου
1032 2091 1139 2173 λύφας.

374 2172 495 2239 Τίλλειν
520 2176 689 2260 φαλακρόν.
710 2175 818 2246 Ἀετὸς
841 2175 963 2259 φεύγων
983 2173 1086 2237 λύκον.

376 2256 419 2323 Τὸ
441 2265 497 2344 γρύ
518 2260 645 2328 Δίωνος.
669 2258 729 2324 Τὸν
750 2260 854 2330 Εύοντ’
876 2259 1031 2330 άντιξύειν.

376 2340 419 2408 Τὸ
442 2345 558 2428 θερμὸν
578 2345 703 2431 ὸβελού.
727 2342 761 2408 Τ’
784 2345 945 2429 ἀλλότριον
971 2344 1052 2427 άμᾷς
1072 2342 1174 2427 θέρος.

375 2423 419 2491 Τὸ
439 2428 587 2492 θετταλὸν
610 2429 758 2513 σόφισμα.
784 2428 946 2513 Πελλήνης
961 2431 1066 2514 χιτών.

375 2507 419 2574 Τὸ
444 2517 560 2598 σχᾶμα,
582 2514 633 2577 καὶ
657 2515 691 2576 τὸ
717 2514 811 2598 βᾶμα.
833 2512 1049 2594 Μελλονικιᾷν.

376 2591 419 2660 Τὸ
443 2596 599 2682 Φρυνίχου
623 2599 795 2680 πάλαισμα.
813 2598 964 2682 Σαρὸῶυς
981 2596 1090 2678 γέλως.

376 2675 527 2764 Τραγικὸς
546 2681 687 2766 πίθηκος.
708 2679 932 2766 Εὐγενέστερος
953 2679 1089 2764 Κύὸραυ.

376 2758 572 2849 Τραγῳὸικὸν
596 2765 754 2913 βίλέπαυσι.
779 2765 858 2836 Θεὸς
880 2766 1035 2849 ἀνενὸεής.
1225 2793 1229 2798 ·

376 2843 594 2933 Τρικέφαλυς<
630 2854 716 2933 ρμῆς.
740 2847 805 2914 Τοῦ
827 2852 944 2934 πατρὸς
964 2852 997 2913 τὸ
1019 2850 1152 2916 παιδίον.
1248 2908 1253 2919 ,

342 2943 346 2952 “
376 2926 401 2993 T
424 2934 491 3019 ίψαι
511 2932 689 3017 πρόσωπον.
707 2931 828 3018 Ὁμύσε
847 2939 961 3020 χωρεῖν
981 2938 1026 3020 τῷ
1045 2933 1159 3019 χρόνῳ.

373 2955 469 3103 Τὶγρὸ
490 3016 600 3081 δίαιτα.
620 3011 787 3102 Παρὸαλῆν
812 3019 993 3103 ἐνημμένος.

369 3093 475 3187 Ὕὸωρ
500 3101 593 3185 μένει.
616 3100 681 3187 Πρὸ
703 3108 756 3186 τῆς
779 3106 854 3189 βοῆς
878 3103 1017 3167 σπεύδων
1041 3103 1142 3172 λύκος.

373 3183 638 3272 Ὑπερβερεταῖας.
662 3186 759 3258 Αύθις
781 3187 820 3252 αύ
842 3187 972 3252 Πυθῶὸ’
996 3190 1077 3255 ύὸύς.

373 3267 575 3357 Ὑποσχέσεις
596 3270 749 3356 Χάρητος.
764 3271 822 3342 Ὗς
846 3273 1019 3357 ἐκώμασεν.

367 3351 426 3426 Ὗς
447 3358 500 3441 τὴν
520 3356 667 3441 Ἀθηνᾶν.
686 3354 726 3420 Ἡ
748 3359 838 3442 χάρις
858 3360 947 3444 χάριν
969 3357 1067 3443 φέρει.

378 3438 549 3526 Φαρμυββα
576 3441 699 3525 ούμεθ’.
721 3439 917 3526 Εύλαβεῖοθε
937 3444 987 3506 τὸν
1011 3443 1098 3506 κύνα.

377 3521 519 3588 Φύλαττε
540 3465 593 3590 τὸν
615 3527 756 3609 θώρακα.
782 3522 909 3596 Τιτᾶνας
926 3528 1041 3594 καλεῖς.

378 3606 464 3693 Φρὺξ
488 3611 582 3691 μηδὲν
604 3611 694 3693 ἦττον
717 3609 904 3692 Σπινθάρου.
929 3608 1014 3676 Βοῦς
1036 3609 1068 3671 έν
1088 3610 1189 3675 πόλει.

378 3689 521 3759 Φύκειος
544 3689 662 3775 ἔρανος.
681 3691 723 3756 Ἥ
745 3695 918 3776 χαρώνειος
938 3692 1030 3775 θύρα.

385 3932 964 4224 „usn
