3059 4492
730 479 880 574 ffl-

349 651 537 712 Flaminibus
559 649 621 706 leni
644 655 673 706 et
693 635 847 725 praesenti
869 647 993 707 numine
1013 649 1133 708 adesse.

351 821 391 878 lt
448 819 568 878 Carmen
592 820 728 877 Bassartt
747 818 846 876 Patria
863 819 968 876 Brami
990 811 1163 876 Trienoalie.

351 905 444 964 Liber
465 903 515 962 ted
534 918 598 976 oro,
621 912 685 962 sate
704 903 841 975 fulmine,
862 901 1002 979 corniger
1020 903 1115 975 adsis,

349 989 493 1061 Bessara,
515 987 627 1048 Brome
647 996 744 1065 pater,
765 988 885 1046 celeber
905 987 990 1046 Deus
1011 987 1220 1064 induperator,

349 1072 448 1147 Quem
469 1073 620 1132 oblectant
642 1092 744 1145 enses,
763 1072 890 1148 pilenta,
909 1078 1073 1148 sacraeque
1092 1073 1265 1149 ministrae,

349 1159 387 1218 In
409 1158 494 1216 coelo
515 1158 659 1230 vitulans,
682 1159 803 1229 insane,
827 1158 1000 1234 crepicrepe
1022 1157 1146 1232 Brume,

350 1239 514 1302 Instinctor
532 1243 659 1315 furiose,
684 1243 835 1319 supremis
855 1262 967 1300 numen
991 1243 1135 1300 bonorum

350 1328 518 1403 Terraique
538 1347 644 1386 sacrae
668 1327 848 1386 mortalibus
867 1327 1079 1398 inducolonis3

350 1413 443 1472 Adsis
469 1412 579 1490 gaudia
599 1412 680 1470 laeta
702 1414 805 1471 ferens
827 1412 1011 1472 salisubsule
1033 1411 1101 1470 Die.

350 1665 517 1724 Velabrum
537 1685 665 1725 veneror
685 1676 827 1726 votorum
847 1668 902 1724 hoc
924 1685 1047 1723 munere
1068 1673 1196 1740 patrem,

351 1750 527 1824 Mustidum,
549 1759 579 1808 et
596 1751 757 1825 investem,
779 1753 900 1810 florenti
920 1759 1043 1828 pectore
1065 1749 1227 1810 Brumuin:

351 1834 486 1894 Crinitae
508 1837 648 1909 Veneris,
670 1843 846 1912 numenque
861 1836 979 1894 illustre
1000 1836 1143 1910 virerum,

351 1920 413 1996 Qui
432 1941 542 1980 numen
564 1922 650 1980 lucos
671 1923 783 1981 virides
805 1923 884 1998 pede
905 1920 1086 1998 persultanti
1183 1929 1187 1943 ¹

350 2005 519 2084 Pervolgas
543 2025 608 2065 cum
632 2008 754 2066 vesanis
776 2003 900 2066 vesanu’
921 2007 1052 2064 virabus.

350 2088 431 2163 Quin
455 2099 484 2149 et
505 2091 635 2152 consilio
656 2092 739 2151 Iovis
764 2093 803 2150 ad
823 2090 1037 2166 Proserpinam
1057 2091 1199 2152 alumnus

352 2177 447 2234 Actus
470 2177 604 2249 crevisti,¹
623 2184 739 2236 tremor
760 2177 973 2236 immortalibu'
996 2175 1101 2247 Divis3

351 2258 402 2321 Sis
424 2260 509 2334 felix,
532 2269 561 2319 et
582 2270 679 2320 macte
698 2263 767 2322 fuas
791 2264 850 2321 hoc
867 2279 992 2320 munere
1014 2279 1110 2320 sacro.

1358 1442 1359 1479 l

1358 1494 1359 1539 l

352 1583 394 1640 45
545 1583 663 1640 Velabri
683 1582 783 1641 Patris
804 1584 945 1656 suffimen,
964 1600 1081 1638 manna.

351 2429 392 2488 46
438 2430 609 2495 Colonrellae
620 2450 669 2488 sea
686 2433 847 2490 Telamonis
857 2432 1107 2506 Patrisaasfimca‚
1119 2442 1260 2490 aromata.

350 2515 447 2574 Elicio
470 2515 613 2573 Brumum
637 2514 847 2590 Columellam,
870 2517 1070 2588 vitisatorem,

350 2596 479 2658 Aedibu'
501 2598 673 2673 Cadmaeis,
695 2602 746 2677 qui
770 2603 881 2660 circum
899 2620 1013 2677 perque
1035 2615 1163 2678 vagatus

351 2682 451 2745 Subiit
471 2704 546 2744 onus
571 2693 752 2759 constanter,
781 2694 879 2744 terrae
901 2685 1042 2744 incendia
1060 2687 1188 2762 placans
1195 2710 1204 2760 3

352 2767 429 2827 Cum
451 2788 529 2847 vaga
551 2770 731 2828 inundarent
752 2773 940 2829 flammarum
959 2770 1082 2829 flumina
1104 2779 1215 2832 terram

351 2853 536 2914 Turbinibus
560 2854 677 2928 calidis,
699 2856 748 2912 hic
772 2865 878 2914 cuncta
896 2856 1015 2914 ruentia
1034 2856 1129 2916 fulsit.

350 2937 420 2998 Huc
442 2940 525 3000 adsis
548 2940 657 2999 mentis
676 2940 786 2999 ridenti
805 2942 915 3000 Brume
936 2941 1049 3016 lepore.

350 3108 391 3165 47
550 3109 624 3168 Sabe
640 3110 740 3168 Patria
759 3112 899 3185 suffimen,
919 3120 1060 3168 aromata.

350 3192 410 3251 Dic
434 3192 514 3252 Sabe
538 3195 739 3270 omnipotens,
761 3195 832 3253 audi
857 3194 1001 3255 Saturnia
1019 3194 1137 3272 proles,

351 3277 561 3354 QuiBrumum
568 3279 718 3337 Bacchum
732 3279 1263 3356 streperum,insubulum,inseruisti

349 3362 386 3420 In
409 3362 532 3436 femore,
560 3372 593 3422 ut
613 3365 664 3439 qui
684 3365 825 3439 postidea
846 3373 981 3424 maturus
1002 3364 1100 3422 adiret

349 3445 387 3505 In
406 3446 545 3506 Tmolum
567 3457 714 3521 sanctum,
738 3451 789 3507 ubi
810 3451 943 3509 habebat
960 3450 1087 3526 Equiria
1108 3450 1241 3527 polchra

348 3528 451 3603 ‘Quare
472 3554 489 3591 ο
509 3533 579 3592 Rex
603 3533 742 3611 magias,
763 3554 921 3612 procerum
941 3535 1022 3595 coeli
1037 3535 1246 3612 induperator,

349 3616 433 3674 Mitis
456 3617 541 3690 ades,
563 3619 747 3678 antistitibus
769 3621 880 3679 solatia
902 3628 1071 3697 praestans.
