3059 4492
742 505 854 599 -ιω

361 668 462 753 Γρῆύς
484 668 715 754 ἀνακροτέουσα
736 671 835 733 πολὺν
856 669 1012 753 κονιορτδν·
1037 668 1158 752 ἐγείρει.

360 754 484 835 Δελφδς
505 753 581 838 ἀνὴρ
604 753 754 838 στέφανον
769 755 822 838 μέν
839 753 932 840 ἔχων,
948 754 1022 836 δίψη
1042 753 1075 816 δ’
1088 753 1276 824 ἀπολωλώς.

361 838 534 907 Δεξιδνείς
553 837 710 922 ὑπόδημα,
731 840 890 922 ἀριστερὸν
913 839 956 906 εἰς
974 836 1188 921 ποδόνιπτρον.

361 922 461 1004 Δηρδν
485 924 656 1007 βουλεύειν,
679 923 720 985 ἵν’
746 922 805 1008 ἔχη
826 923 877 986 καί
898 923 1014 984 πολλδν
1037 920 1175 1003 ἄμεινον.

361 1005 508 1078 Δίζεσθαι
534 1007 647 1091 βιοτὴν,
666 1008 777 1092 ἀρετὴν
800 1006 831 1085 δ’
857 1004 972 1089 ύτανῇ
999 1006 1064 1088 βίος
1086 1003 1185 1070 ἔνδον.

360 1091 463 1154 Δισσὼ
485 1096 588 1155 πτῶκε
614 1092 734 1155 διώκων
759 1091 922 1175 οὐδέτερον
946 1091 1143 1174 καταλήψεις.

361 1175 443 1260 Δίψη
466 1173 497 1238 δ’
521 1175 702 1254 ἐξώλλυντο,
726 1177 810 1260 ύδωρ
835 1176 861 1237 δ’
885 1176 1030 1259 ὑπερεῖχε
1050 1175 1180 1256 γενείου.

360 1259 431 1336 Δὸς,
449 1259 587 1328 δύτεπᾶς
603 1263 618 1322 δ
634 1261 707 1345 βίος.
724 1261 801 1346 λαβὲ
815 1261 845 1323 δ’
857 1261 913 1323 ούκ
930 1261 978 1323 ἐπὶ
991 1261 1096 1322 ναυσὶν
1113 1259 1274 1330 ἀκούσαις.

360 1345 421 1411 Δδς
444 1349 562 1429 πτωχῷ
582 1343 684 1427 ἄρτον,
704 1347 755 1408 καί
777 1343 927 1408 κύνδυλον
952 1343 1029 1428 ἄψον
1054 1343 1105 1406 ἐπ’
1132 1344 1229 1429 αὐτῷ.

360 1427 455 1510 Δῶρα
476 1427 570 1496 θεοὺς
590 1429 690 1492 πείθει
711 1431 762 1492 καὶ
785 1429 922 1496 αἰδοίους
965 1430 1104 1510 ασιλῆας.
1238 1431 1249 1442 ”

358 1509 418 1574 Ἐκ
435 1513 527 1575 πίθου
549 1514 667 1582 ἀντλεῖς
687 1516 793 1597 δῆλον.
815 1514 875 1595 ἐγὼ
890 1515 922 1576 δ’
940 1536 1005 1598 εχω
1019 1511 1079 1597 οὐχ
1094 1512 1161 1580 ἄλις
1174 1511 1273 1582 ἄξευς.
1368 1508 1369 1511 “

357 1593 411 1659 Ἐν
433 1597 491 1681 γὰρ
514 1597 672 1682 ἀμηχανίῃ
692 1600 743 1660 καὶ
763 1595 914 1681 Καρκίνος
937 1597 1054 1680 ἔμμορε
1074 1601 1172 1680 τιμῆς.

356 1678 409 1744 Ἐν
432 1683 467 1744 δὲ
487 1682 664 1765 δικαιοσύνῃ
688 1683 861 1768 συλλήβδην
879 1683 952 1745 ποῖά
977 1682 1070 1765 ἀρετή
1091 1681 1176 1743 ’στίν.

355 1762 407 1829 Ἐν
432 1767 467 1828 δὲ
488 1766 668 1850 διχοστασίῃ
691 1769 742 1829 καὶ
764 1769 921 1848 πάγκακος
944 1765 1062 1849 ἔμμορε
1081 1770 1179 1848 τιμῆς.

355 1847 417 1922 ἘνΙ
431 1850 466 1912 δὲ
490 1851 703 1934 διχοστασίησι
721 1853 773 1914 καὶ
788 1851 995 1935 Ἀνδροκλέης
1016 1852 1220 1934 πολεμαρχεῖ.

357 1931 409 1996 Ἐν
433 1935 469 1997 δὲ
490 1935 587 2004 λίθοις
610 1936 775 2020 ἐμάχοντο,
798 1936 884 1998 λίθον
907 1935 939 1999 δ’
961 1935 1018 1998 οὐκ
1037 1933 1075 2018 ἦν
1093 1931 1272 1998 ἀνελέσθαι.

354 2015 407 2082 Ἐν
432 2018 591 2082 σκυτέεσσι
618 2021 748 2105 φοροδσ’
774 2017 926 2103 Ἐφεσήια
946 2022 1111 2103 γράμματα
1131 2018 1224 2081 καλά.

356 2101 528 2175 Ἐνστάζειν
554 2103 629 2189 ἐρίιμ
644 2109 698 2168 τοῦ
723 2111 779 2188 ζῇν
799 2106 881 2190 ἕνεχ’
905 2107 1009 2186 ὥσπερ
1029 2102 1172 2187 ἄλευρον.

354 2184 500 2272 Ἐξάντης
523 2189 644 2252 λεύσσω
666 2189 781 2272 τούμδν
805 2191 899 2252 κοικδν
924 2187 1018 2252 ἄλλον
1041 2187 1162 2272 ἔχοντα.

354 2269 520 2341 Ἐξύκειλε
543 2279 640 2337 κακοῦ
669 2275 765 2359 βουλὴ
789 2276 866 2357 πρὸς
889 2272 1057 2357 ὑπέρτατον
1078 2271 1163 2356 ἄτην.

352 2353 450 2440 Ἔργα
467 2356 556 2436 νέων,
582 2360 691 2443 βουλαὶ
713 2361 747 2422 δὲ
772 2359 885 2440 μέσων,
908 2357 998 2442 εὐχαὶ
1020 2358 1055 2419 δὲ
1074 2355 1239 2440 γερόντων.

357 2437 489 2509 Ἐσθλδς
509 2442 569 2504 ἐὼν
593 2441 691 2506 ἄλλου
714 2443 793 2506 πολδ
818 2443 990 2526 κρείττονος
1011 2441 1226 2527 ἀντεκύρησεν.

358 2521 525 2608 Εὐδαίμων
553 2524 751 2609 ύΚύρινθος.
776 2527 837 2611 ἐγὼ
864 2523 894 2589 δ’
923 2525 987 2609 εἴην
1010 2523 1171 2615 Τενεάτης.

357 2608 524 2692 Εὐδαίμων
548 2611 719 2694 ὥνθρωπος
744 2614 760 2675 ύ
785 2612 891 2694 μηδενὶ
913 2611 1176 2695 μηδένδψείλων.

357 2691 523 2778 Εὐσεβέων
546 2696 689 2757 παίδεσσι
709 2696 747 2758 τά
764 2698 855 2769 λύϊα,
879 2694 1055 2779 δυσσεβέων
1077 2695 1107 2757 δ’
1130 2693 1176 2756 ού.

351 2776 395 2841 Ἡ
419 2779 454 2840 δὲ
474 2779 553 2861 κακὴ
578 2779 675 2864 βουλὴ
703 2785 747 2865 τῷ
771 2780 971 2865 βουλεύσαντι
991 2780 1128 2862 κακίστη.

291 2931 293 2935 ,
349 2860 394 2925 Ἢ
414 2863 456 2945 μὴ
480 2866 573 2947 φῦναι
591 2862 724 2946 ἄριστον,
746 2889 765 2946 η
793 2864 900 2927 αὐτίκα
923 2864 1020 2948 φύντα
1039 2866 1195 2946 τελευτᾷν.

347 2945 452 3030 Ἦμος
472 2947 555 3030 ὕδωρ
575 2949 698 3032 πνίγγγσι
719 2951 871 3032 φάρυγγα,
891 2950 920 3011 τί
938 2950 989 3011 δεῖ
1004 2946 1048 3010 ἔτι
1070 2948 1183 3023 πίνειν;

358 3030 480 3115 Θρέψαι
501 3034 562 3100 τὼς
586 3035 728 3107 λυκιδεῖς,
751 3033 867 3118 θρέψαι
888 3033 990 3109 κύνας,
1021 3035 1101 3095 ὥστε
1120 3033 1270 3115 ιρᾶγωντι.

352 3116 430 3180 Ἴσθι
453 3115 633 3180 Ποσειδάων
658 3118 753 3201 ὀρθὰν
774 3118 827 3180 τὰν
854 3123 928 3181 ναῦν
952 3117 1143 3180 καταδύσων.

349 3198 536 3285 Ἱπποσύνην
560 3203 702 3265 δεδαῶτοί
723 3225 757 3264 σε
785 3204 826 3286 μὴ
849 3202 938 3286 θέμις
960 3202 1038 3265 ἐστὶν
1061 3202 1185 3264 ἀείδειν.

348 3280 450 3371 Ἵππῳ
471 3287 654 3371 γηράσκοντι
672 3287 709 3349 τά
735 3289 843 3371 μείονα
868 3287 959 3350 κύκλ’
984 3287 1141 3371 ἐπίβαλλε.

350 3366 506 3456 Ἱστοβοῆϊ
527 3371 645 3454 γέροντι
667 3370 738 3454 νέην
758 3374 926 3457 ποτίβαλλε
948 3374 1097 3455 κορύνην.

356 3450 421 3518 Καί
439 3477 475 3518 κε
495 3457 571 3539 γυνὴ
597 3455 687 3542 φέροι
710 3456 819 3541 ἄχθος,
845 3457 914 3519 ἐπεί
933 3479 984 3520 κεν
1002 3456 1085 3539 ’ἀνὴρ
1109 3454 1251 3540 ἀναθείη.

355 3534 417 3600 Καὶ
440 3541 590 3622 σφακελοί
610 3546 749 3604 ποιοῦσιν
770 3541 950 3625 Ἀθηναίοις
973 3539 1123 3602 ἀτέλειαν.

356 3618 574 3700 Καππάδοκες,
596 3621 708 3709 Κᾶρες,
730 3624 863 3700 Κίλικες,
892 3625 960 3707 τρία
981 3625 1086 3686 κάππα
1108 3625 1246 3688 κάκιστα.

356 3705 480 3774 Κάλλας
500 3707 674 3771 ἐπιστολίου
698 3709 778 3772 πολὺ
801 3706 1058 3790 σοστατικιύτερύν
1080 3707 1162 3784 ἐστι,
