3059 4492
723 465 874 558 Q—

273 637 340 692 1010
350 630 424 693 Sine
447 640 476 690 te
501 631 648 708 recipiet?
671 632 810 710 quippini
832 634 883 708 qui
904 633 954 691 vel
977 653 1074 710 neque

348 719 383 775 In
407 737 440 774 re
464 717 596 775 secunda
614 718 721 794 gaudio
745 718 941 777 diffunditur?

350 801 477 862 Cuinam
499 801 551 859 illc
573 802 653 860 dicto
676 812 791 880 parcet,
815 814 867 862 aut
888 802 1051 862 convicio?

349 890 399 945 Me
423 888 617 963 spurium,·et
638 887 706 962 ipsa
727 889 837 946 bellica
858 889 980 964 praeda
997 897 1094 947 satum

349 973 516 1050 Ignaviane
539 973 659 1044 mentis,
681 992 720 1030 an
742 982 833 1046 metu,
855 993 896 1034 an
917 973 988 1032 dolo

274 1063 339 1116 1015
350 1059 395 1116 Te
416 1058 601 1132 prodidisse,
623 1057 718 1116 frater
737 1059 828 1131 Aiax,
853 1069 886 1116 nt
906 1067 974 1116 tuas

348 1143 479 1216 Domos,
497 1150 527 1200 et
543 1162 660 1200 omnem
684 1143 1079 1220 possideremthabentiam.

350 1228 441 1286 Talia
464 1247 587 1286 severus
611 1247 767 1304 perperam
791 1229 961 1304 profabitur

349 1316 449 1388 Asper
471 1321 605 1385 senecta,
629 1313 735 1391 iurgiis
762 1308 852 1389 atrox
873 1315 973 1372 horno.

350 1397 423 1458 Solo
444 1407 571 1474 paterno
591 1398 773 1458 eliminabor
793 1399 924 1472 denique

274 1491 341 1546 1020
351 1482 498 1544 Sermone
518 1473 613 1560 patris
637 1503 755 1556 servus,
773 1492 809 1541 ct
829 1483 907 1542 liber
928 1491 1038 1541 tamon.

349 1569 389 1626 Et
409 1569 485 1625 haec
505 1568 624 1642 quidem
647 1569 735 1626 domi.
759 1576 810 1628 ast
829 1587 878 1626 me
897 1569 929 1625 in
948 1567 1030 1625 arvis
1055 1565 1178 1624 Troicis

352 1653 452 1712 Odere
471 1653 573 1722 multi,
593 1653 647 1711 sed
665 1654 769 1712 favent
790 1653 975 1728 pancissimi.
1072 1712 1074 1717 ,

332 1739 533 1812 ·Isthuncquc
553 1737 678 1799 fructum
702 1746 799 1797 morte
818 1739 955 1814 percipio
980 1745 1040 1795 tua.

350 1822 443 1880 Perii.
464 1823 535 1897 quid
557 1823 652 1899 ergo?
671 1823 824 1899 quomodo
845 1832 887 1896 te,
907 1824 1042 1897 inquam,
1062 1839 1172 1878 exuam

274 1908 524 1970 1025Dirissumo
545 1909 646 1967 isthoc
667 1909 762 1968 ense?
786 1909 841 1967 snb
864 1908 947 1984 quali
965 1909 1025 1964 heu
1046 1906 1103 1964 tibi

351 1992 508 2052 Carnuficc
530 1995 592 2051 vita
612 1994 721 2068 periit?
743 1993 861 2051 Hector
881 1993 1023 2069 denique,

349 2077 417 2136 Nec
436 2098 474 2135 ne
497 2079 628 2150 sciebas,
651 2086 682 2138 te
703 2079 831 2154 peremit
855 2086 997 2138 mortuus.

349 2163 458 2221 Videte
481 2181 570 2222 casus
591 2182 646 2238 per
663 2163 750 2222 Deos
774 2165 865 2221 dudm
889 2164 997 2220 virum.

349 2248 420 2320 Illo,
444 2249 524 2324 quod
544 2249 625 2315 Aiax
648 2258 832 2321 muneraret,
857 2248 959 2306 balteo

276 2333 509 2396 1030Traiectos
533 2333 645 2391 Hector
666 2353 684 2391 e
705 2334 858 2392 curulibus
878 2333 967 2404 rotis,

349 2419 499 2494 Raptatus
523 2437 620 2495 usque
641 2427 689 2478 est
708 2420 847 2478 donicum
873 2420 1103 2493 exspirasceret.

351 2502 465 2562 Contra
485 2504 544 2562 iste
565 2504 688 2578 capiens
710 2521 818 2562 munus
842 2503 925 2562 illins
950 2523 1051 2577 manu,

351 2589 493 2646 Incubuit
513 2588 569 2660 illi,
593 2598 689 2648 morte
710 2594 854 2665 pessuma
875 2589 997 2648 cadens.

351 2673 470 2746 Mirum,
490 2673 522 2730 ni
543 2681 700 2750 utrumque
719 2693 840 2747 munus,
861 2692 963 2731 ensem
987 2675 1066 2733 hunc
1087 2677 1208 2739 scilicet

275 2757 453 2830 1035Furia,
475 2765 504 2814 et
525 2757 556 2815 id
579 2758 677 2817 Orous
699 2759 854 2818 fabricarit
873 2759 1014 2817 balteum.

349 2844 417 2920 Ego
441 2859 552 2900 censeo
575 2842 644 2904 ista.
675 2852 705 2901 et
723 2839 798 2901 talia
817 2844 960 2920 pleraque
982 2845 1084 2903 omnia

350 2926 437 2987 Deos
460 2932 623 3002 supremos
637 2929 670 2986 in
692 2929 832 2989 homines
853 2930 996 2988 molirier.

350 3013 484 3072 Diversa
506 3013 560 3072 sed
584 3014 634 3088 qui
656 3015 758 3086 sentit,
784 3022 836 3073 aut
856 3015 919 3072 alia
940 3016 1052 3087 omnia,

351 3097 510 3158 Sententia
532 3114 589 3159 sua
611 3107 670 3158 stet
690 3100 754 3172 ille,
778 3119 835 3176 ego
857 3119 933 3158 mea.

276 3193 342 3247 1040
352 3182 407 3243 Ch.
452 3184 628 3243 Orationem
650 3185 823 3258 comprime,
854 3193 944 3259 atque
964 3193 998 3242 ut
1019 3185 1099 3242 hunc
1118 3188 1217 3247 virum

335 3269 477 3346 ,Mendes
500 3269 673 3344 sepulchro,
699 3269 809 3344 quidve
830 3268 925 3342 dicas,
946 3269 1081 3345 provide.

350 3355 447 3412 Adest
466 3373 572 3431 parum
593 3356 639 3413 vir
656 3373 788 3428 aequns3
813 3363 844 3411 et
863 3355 943 3414 forte
962 3354 1096 3427 advenit,

349 3438 465 3514 Utpote
483 3439 645 3517 malignus,
673 3447 780 3498 nostra
797 3448 830 3496 ut
847 3440 974 3501 insultet
991 3439 1081 3498 mala.

252 3529 256 3554 ‘
352 3523 428 3580 Teu.
452 3523 529 3597 Quis
551 3533 608 3597 est,
628 3526 753 3599 abipso
774 3541 862 3598 quem
886 3525 973 3583 vides
994 3524 1152 3582 exercitu?

276 3605 409 3672 10450h.
453 3608 626 3668 Menelaus:
645 3610 684 3682 is,
706 3609 754 3667 cui
777 3609 886 3669 classis
908 3611 970 3668 ista
986 3609 1103 3667 militat.

352 3690 428 3749 Teu.
452 3692 569 3752 Video:
594 3694 780 3769 propinquus
800 3711 868 3751 cnm
887 3695 938 3768 sit,
960 3694 1087 3770 agnosci
1105 3701 1214 3768 potest.
