3059 4492
651 509 802 605 jer-

259 755 261 759 ¹
540 671 735 758 Νεκροδόκον
755 677 908 757 κλιντῆρα.
1087 668 1092 679 ’
1113 682 1184 762 ’(10

265 765 351 825 Dum
363 763 452 822 Philo
475 763 664 839 sandapilam
685 763 771 822 aenio
792 763 894 841 gravia
914 763 1040 825 aedibus
1064 766 1162 841 effert,

310 850 433 926 Exigua
449 849 554 908 solitas
576 856 610 906 ut
634 849 711 924 stipe
731 855 857 922 quaerat
880 865 970 924 opea3

265 935 386 994 Iniusto
409 934 465 993 sub
491 934 575 992 faece
590 933 663 992 ruit.
685 933 823 1009 proclive
845 934 976 992 caducae
1053 925 1057 932 ’

223 1091 224 1098 ¹
311 1021 500 1078 Momentum
523 1017 610 1076 morti
631 1037 708 1076 cana
729 1026 855 1076 senecta
878 1017 978 1077 dabat.

266 1105 321 1168 Sic
341 1123 429 1180 quem
451 1121 546 1179 saepe
572 1121 668 1162 senex
691 1102 760 1162 aliis
784 1110 903 1178 portare
925 1104 1054 1175 solebat,

311 1189 492 1268 Imprudens
512 1188 653 1264 capulum
674 1186 797 1247 sustulit
818 1188 886 1264 ipae
910 1189 980 1247 eibi.

548 1349 774 1434 Μορτάδαιτὴν
798 1352 903 1436 ἱεραῖς.
1111 1357 1182 1436 eto

265 1441 383 1501 Mortas
405 1459 493 1514 anus,
518 1459 594 1515 quae
615 1447 661 1498 tot
681 1440 763 1512 duxi,
785 1439 855 1498 dum
875 1442 938 1499 vita
958 1444 1111 1516 manebat,

310 1525 360 1585 Ad
379 1543 484 1594 sacros
506 1524 619 1583 Bacchi
638 1524 751 1602 pocula
770 1524 862 1602 plena
883 1526 980 1599 lacus,
1117 1513 1123 1526 ⁸

264 1610 398 1669 Pulvere
419 1630 482 1668 non
503 1610 634 1680 condor;
657 1609 764 1667 tumuli
785 1611 851 1668 vice
874 1630 966 1670 suave
989 1619 1130 1687 peractae

310 1696 400 1755 Vitae
421 1703 629 1773 argumentum
652 1694 800 1753 doliolum
820 1691 994 1774 impositum
1016 1702 1073 1756 est.

625 1857 688 1942 Τῆς
706 1863 825 1942 πολιῆς.
1112 1863 1182 1942 ’γ20

265 1950 535 2028 Longaevaehaec
544 1955 614 2007 sunt
621 1948 712 2008 busta
719 1949 894 2008 Meronidos
904 1950 1011 2026 :inque
1022 1949 1183 2026 sepulchro

309 2036 338 2094 Ε
362 2034 448 2093 silice
473 2041 521 2093 est
539 2034 628 2091 fabra
651 2033 787 2110 sculptus
813 2035 851 2091 ab
875 2042 939 2092 arte
961 2033 1051 2092 calix.

264 2119 451 2180 Multibibax
471 2126 500 2195 et
523 2118 725 2194 multiloquax
748 2137 825 2178 anus
848 2120 924 2177 haec
944 2138 1042 2194 neque
1063 2118 1155 2190 natis,

310 2203 373 2266 Sed
399 2223 498 2280 neque
518 2211 657 2262 natorum
678 2223 813 2280 paupere
836 2212 923 2281 patre
944 2203 1046 2281 gemit.

265 2289 334 2349 Hoc
356 2308 450 2346 unum
472 2296 529 2361 est,
550 2288 632 2364 quod
653 2289 705 2347 flet
726 2288 775 2347 vel
796 2290 887 2348 busto
902 2288 1037 2359 condita3
1059 2287 1182 2346 Baccho

309 2376 374 2434 Vas
398 2373 499 2432 habile
519 2373 589 2446 hoc,
612 2372 725 2451 Bacchi
745 2375 827 2450 quod
849 2375 889 2433 sit
908 2375 1010 2446 inane,
1037 2373 1139 2450 gemit

545 2536 730 2622 Μαρωνὶςὴ
756 2539 903 2622 φίλοινος.
1113 2540 1183 2620 rto

266 2627 341 2686 Nex
355 2627 522 2700 doliorum,
543 2627 709 2684 temulenta
725 2627 775 2684 hic
797 2627 937 2685 conditur

268 2715 357 2773 Anus
380 2713 526 2771 Maronis.
551 2712 687 2788 sculptus
712 2720 759 2771 eet
778 2712 894 2771 tumulo
920 2731 1021 2788 super,

267 2797 455 2872 conarisque
477 2796 675 2856 noscitandue
698 2798 816 2856 Atticus
837 2797 926 2856 calix.

266 2881 359 2944 Nunc
377 2883 427 2941 vel
448 2882 568 2959 sepulta
589 2901 648 2939 non
671 2882 737 2940 viro
758 2890 810 2941 aut
829 2884 909 2941 natis
932 2900 1026 2958 super

266 2967 346 3040 Flet,
370 2983 448 3042 quos
470 2967 591 3042 reliquit
614 2985 713 3025 rerum
736 2983 852 3044 egenos
875 2967 1022 3026 omniumr

266 3052 349 3114 Illud
367 3053 421 3110 flet
442 3071 545 3125 unum,
566 3053 644 3129 quod
667 3052 747 3110 calix
767 3053 869 3110 inania
892 3063 947 3110 eet.

524 3215 565 3280 ‘H
587 3213 725 3299 Βρόμιον
749 3215 908 3298 στέρξασα.
1113 3216 1183 3294 γ20

267 3303 355 3380 Quae
372 3304 537 3379 Bacchum,
561 3323 650 3381 quam
673 3323 750 3381 quae
772 3305 875 3363 nutrix
895 3304 1060 3361 lactaverat
1078 3303 1149 3375 Ino,

309 3391 386 3450 Plus
409 3390 524 3463 dilexit,
548 3409 624 3449 anus
644 3390 778 3467 garrula,
799 3389 1023 3460 Aristomache,

267 3475 438 3552 Postquam
458 3476 601 3534 mandata
626 3485 673 3533 eat
694 3475 819 3548 tumulo,
842 3482 1012 3548 terramque
1034 3470 1146 3531 subivit

311 3562 433 3620 Mortua
454 3561 526 3633 iam,
552 3559 647 3619 multo
669 3560 789 3636 iamque
811 3567 938 3636 operata
958 3574 1054 3618 mero:

270 3645 339 3704 Huc
359 3647 474 3719 Minos,
503 3646 555 3718 ait,
577 3646 636 3702 huc
660 3665 767 3704 urnam
789 3645 864 3702 mihi
884 3642 1118 3718 dotcrinam,

311 3731 354 3791 Ut
375 3749 460 3790 rores
482 3732 611 3790 haustos
630 3751 668 3790 ex
691 3732 861 3791 Acheronte
881 3730 987 3788 feram.
