3059 4492
756 511 817 573 100

331 680 447 744 Sancta
468 681 628 740 vetustatis
649 683 761 760 populo
781 682 927 740 miracula
944 682 1074 758 pandas,

332 768 419 844 Quae
442 765 576 826 nondum
599 785 747 842 praesens
771 768 802 826 in
826 777 962 843 apertum
981 769 1110 844 protulit
1128 777 1224 830 ωηο.-

330 852 401 912 Non
421 860 453 909 te
473 851 630 927 praeteriit
653 871 732 928 quae
756 853 862 910 munia
881 851 1026 911 Consulis
1048 862 1161 926 essent,

330 937 401 997 Non
422 953 488 994 eum
512 935 637 1012 Tarpeii
659 937 804 996 deductus
825 937 863 995 ad
886 937 966 995 edita
987 939 1099 997 montis

329 1023 463 1094 Limina,
486 1022 635 1079 bis-senis
658 1022 792 1098 aperiret
813 1022 948 1081 fascibus
969 1041 1093 1095 annum,

335 1106 472 1167 Candida
495 1105 632 1164 delibans
655 1107 808 1183 conceptis
832 1108 935 1180 omina
954 1107 1042 1166 votis.

330 1191 398 1252 Neo
418 1209 485 1248 oum
507 1190 595 1268 signa
617 1209 758 1268 premens
783 1191 885 1250 eboris
909 1191 1028 1250 caelata
1050 1192 1162 1251 eurulis

331 1276 463 1338 Sedatos
486 1283 605 1352 regeret
625 1277 768 1352 ponendo
788 1277 855 1334 iura
879 1274 1022 1347 Quirites.

330 1361 401 1421 Non
421 1361 528 1438 ignota
545 1361 601 1418 tibi
619 1360 701 1419 dubii
722 1361 869 1438 suffragia
890 1362 999 1436 campi,

331 1446 405 1506 Nou
426 1445 532 1517 cistae,
554 1464 613 1502 non
638 1464 706 1505 sors
726 1447 843 1504 ineerta
864 1446 1009 1504 volubilis
1028 1463 1138 1505 urnae:

331 1529 402 1591 Non
424 1529 523 1591 incisa
543 1531 607 1589 suis
629 1530 730 1608 logum
751 1530 903 1588 tabularia
924 1532 1021 1589 saxis.

331 1614 472 1675 Daedala
491 1614 620 1672 facundo
639 1616 751 1674 florens
773 1616 829 1673 tibi
852 1616 966 1693 pagina
985 1623 1068 1673 textu

330 1700 464 1760 Horrida
485 1699 671 1776 sanguineae
693 1699 872 1758 discrimina
892 1701 990 1778 pingit
1011 1719 1132 1760 arenae.

331 1785 405 1845 Non
425 1786 537 1843 absunt
559 1783 633 1857 illie,
657 1784 730 1864 agili
748 1803 823 1860 quos
847 1785 973 1842 oollooet
995 1786 1084 1844 hasta

331 1871 475 1942 Venator,
497 1869 605 1945 Libyci
628 1869 712 1927 fulva
731 1870 848 1928 cervice
867 1869 985 1929 leones.

333 1954 415 2028 Non,
437 1972 565 2030 quorum
584 1954 717 2030 gladium
741 1955 947 2015 coniectatio
969 1955 1023 2013 ilia
1045 1956 1157 2015 oondut

332 2038 518 2112 Comminus,
543 2040 657 2098 exertis
678 2040 832 2098 metuendi
855 2040 996 2099 dentibus
1018 2040 1100 2116 aprir

330 2129 392 2186 Aut
411 2125 577 2183 matutinae
599 2145 660 2184 non
684 2125 792 2183 ultima
810 2145 937 2183 munera
962 2143 1093 2203 pugnae,

331 2210 465 2288 Hispida
485 2209 662 2286 Rhiphaeus
684 2210 786 2289 gelida
808 2218 952 2286 portenta
971 2211 1026 2269 sub
1046 2214 1140 2270 Arcto

242 2325 245 2336 ¹
333 2296 421 2371 Quae
440 2303 567 2372 generat
590 2296 698 2369 saltus,
723 2295 867 2373 spatiosis
889 2295 1028 2379 molibus¹
1044 2296 1117 2354 ursi.

330 2381 368 2440 In
390 2398 518 2456 quornm
539 2389 651 2439 mortes
674 2381 800 2438 veniunt
820 2388 850 2437 et
871 2380 961 2438 funus
983 2399 1095 2438 arenas

330 2464 389 2524 Vel
410 2464 461 2540 qui
481 2465 650 2539 composito
674 2483 784 2542 gressu
803 2465 928 2524 robusta
947 2473 1086 2524 tenentes

331 2551 483 2609 Intratura
503 2549 585 2606 ieras
606 2549 708 2608 valido
730 2550 883 2607 venabula
906 2550 974 2608 nisu

331 2633 510 2695 Subsistunt
532 2633 620 2710 ipsis,
643 2634 693 2692 vel
715 2634 767 2708 qui
791 2634 902 2692 libratu
921 2634 1042 2693 lacertis

331 2717 464 2778 Missilia
485 2717 647 2793 expediunt
670 2719 803 2794 tepidum
826 2725 933 2794 potura
951 2737 1098 2778 eruorem.

332 2803 472 2877 Denique
493 2821 552 2860 non
572 2802 646 2875 illio,
666 2803 776 2879 populi
798 2822 876 2880 quae
898 2804 1010 2880 gaudia
1029 2814 1159 2881 pascant

331 2887 546 2962 Luxuriaeque
567 2895 676 2963 parent
696 2888 810 2960 ludum,
828 2889 1002 2966 spectacula
1024 2889 1141 2948 desunt.

331 2973 402 3034 Non
421 2991 498 3049 quos
522 2973 719 3050 praepinguis
739 2973 889 3033 distentos
905 2974 984 3032 mole
1006 2976 1132 3052 saginae

271 3105 274 3110 Δ
330 3061 367 3119 In
390 3076 512 3118 suetum
532 3057 671 3133 implerit
689 3059 832 3117 membris
855 3059 962 3117 arvina
983 3060 1104 3132 torosis,

331 3145 391 3219 Qui
416 3151 505 3220 eaput
522 3143 553 3199 in
574 3142 682 3202 caedes
703 3157 733 3201 et
756 3152 860 3202 mutua
880 3146 988 3201 lunera
1008 3145 1149 3204 rendunt.

330 3229 391 3289 Hie
411 3236 441 3288 et
461 3227 605 3286 Mirmillo
628 3228 718 3286 nixus
742 3229 874 3288 subsidit
893 3229 926 3286 in
948 3229 1042 3288 armis

329 3314 471 3388 Pendula
491 3314 647 3372 declinans
670 3314 807 3373 vibratae
827 3315 904 3372 retia
923 3315 1060 3385 dextrae,

329 3400 525 3475 verberaque
548 3418 567 3457 a
587 3406 671 3458 moto
695 3399 780 3457 timet
797 3395 947 3457 intentata
965 3400 1096 3458 tridente

331 3482 503 3560 So[l]licitis
524 3484 618 3544 oeulis
637 3484 770 3550 tunicato
791 3492 872 3543 tutus
898 3486 937 3542 ab
958 3485 1058 3543 hoste.

329 3573 392 3630 Aut
412 3586 471 3644 par
492 3570 673 3645 aequimano
695 3586 836 3646 pugnans
859 3588 924 3627 eum
948 3569 1066 3627 Threoe
1086 3572 1207 3626 seoutor

328 3655 540 3732 Improspeota
562 3661 649 3712 cavet
668 3653 799 3711 falcatae
819 3653 946 3712 vulnera
963 3653 1057 3711 sicae.

329 3737 445 3802 Omnia
463 3755 540 3812 quse
560 3738 694 3796 tenebris
716 3745 821 3812 erepta
839 3737 999 3796 silentibus
1018 3735 1091 3797 Oroi
