3059 4492
709 502 903 604 ἐξ

346 677 528 738 Oastanidas
549 694 704 754 proceres,
728 680 834 738 Martis
855 677 964 738 virtute
985 685 1135 754 potantes,

345 765 386 823 Et
402 763 475 822 belli
498 763 598 822 claros
618 763 738 837 studiis,
767 783 825 841 quo
847 771 981 838 tempore
1002 764 1079 824 fines

344 849 463 926 Anglus
485 846 666 908 Santonicos
687 848 763 906 dura
788 849 902 908 ditione
922 849 1097 923 premebat?

345 933 450 992 Testis
473 933 604 991 Vultona
624 951 670 1004 es,
694 935 849 1009 reflnaque
870 931 1039 992 Carantone
1056 933 1192 1010 lympha,

346 1017 448 1089 Caede
470 1017 639 1078 Caledonia
660 1016 770 1077 vitreos
792 1018 903 1076 infecte
921 1017 1062 1092 liquores.

345 1102 427 1162 Hinc
447 1121 588 1180 sparsum
608 1119 704 1180 genus
727 1111 783 1162 est.
804 1105 845 1162 At
867 1121 917 1160 eos
938 1120 1047 1178 cepere
1059 1105 1240 1182 propinquis

344 1188 483 1247 Pictonis
505 1187 576 1244 hinc
593 1187 696 1260 tellus,
724 1189 795 1246 hinc
814 1187 904 1246 tellus
928 1185 1061 1247 Turonis
1083 1189 1176 1262 oris,

346 1273 477 1332 Turonis
499 1272 681 1346 armipotens
697 1271 854 1331 Celtarum
871 1272 970 1350 gentis
996 1273 1122 1346 ocellus,

344 1358 483 1435 Ingeniis
503 1357 633 1433 pollens,
653 1364 684 1415 et
702 1357 803 1417 divitis
827 1358 919 1416 ubere
943 1357 1060 1434 glebae.

345 1442 406 1502 Hic
426 1443 525 1519 prima
542 1442 672 1502 hausisti
694 1443 836 1519 genitalis
859 1442 975 1500 lumina
995 1443 1084 1516 caeli,

346 1527 416 1603 Qua
432 1535 573 1604 regnator
593 1546 692 1602 aquae
713 1547 824 1603 presso
844 1528 911 1586 fluit
932 1528 1051 1604 agmine
1075 1527 1183 1604 Crosa,

344 1613 386 1671 Et
405 1612 511 1671 turrita
527 1612 610 1670 lavat
631 1611 742 1670 Posaei
761 1613 880 1671 moenia
892 1610 1011 1671 ‚Castri

344 1697 406 1756 Hic
427 1697 483 1755 tibi
501 1697 626 1754 faelices
648 1697 822 1756 cecinerunt
842 1698 945 1756 omina
963 1697 1090 1771 Parcae,

345 1781 386 1841 Et
407 1782 516 1841 melior
536 1782 640 1840 niveos
661 1783 800 1841 oneravit
820 1801 950 1859 purpura
970 1783 1066 1856 fusos,

344 1865 387 1926 Ut
409 1875 522 1942 quanto
543 1867 658 1943 patrias
679 1868 780 1942 patria
802 1867 877 1926 haec
899 1869 1106 1944 supereminet
1125 1869 1236 1944 almas,

346 1947 445 2010 Tanto
465 1961 498 2010 tu
519 1953 635 2011 meritis
660 1953 792 2012 anteires
816 1953 957 2012 omnibus
981 1971 1095 2014 omnes.

344 2029 428 2114 Erg'o
450 2037 614 2096 lacessenti
641 2037 747 2112 primis
770 2038 921 2115 vagitibus
943 2056 1033 2096 auras

344 2121 460 2179 Infanti
480 2123 626 2201 ingenuos
646 2122 835 2182 instillavere
850 2123 984 2197 liquores

345 2205 569 2284 Castigatornm
589 2227 717 2281 morum,
740 2229 796 2285 pro
817 2208 896 2266 lacte
921 2207 1046 2284 tepenti,

345 2289 477 2351 Sanctae
497 2293 641 2363 nutrices,
665 2294 816 2351 Virtutum
840 2293 993 2352 exercitus
1016 2292 1114 2350 omnis

345 2373 431 2435 Cana
450 2377 553 2450 Fides,
573 2377 719 2452 Fideique
742 2397 828 2437 soror
850 2376 1030 2436 Constantia
1051 2377 1144 2454 virgo,

345 2461 593 2538 Temperiesqne,
618 2469 648 2520 et
666 2463 800 2522 institiae
823 2463 989 2521 Prudentia
1011 2469 1124 2520 custos.

343 2546 420 2604 Inde
440 2545 625 2624 Magisteriis
648 2556 733 2606 aetas
754 2547 885 2604 formata
907 2547 1042 2606 Dearum

344 2631 472 2706 Accepit
491 2632 568 2690 tales
593 2632 704 2688 exculti
725 2632 859 2708 pectoris
883 2641 1000 2704 auctus,

346 2715 445 2790 Quale
466 2716 528 2776 tuis
548 2717 636 2791 ipsae
658 2717 706 2774 lac
728 2717 903 2776 immulsere
924 2717 1055 2776 labellis.

344 2799 388 2860 Ut
409 2819 487 2876 qnae
508 2801 563 2859 vix
584 2801 632 2859 fas
655 2809 702 2860 est
723 2802 858 2878 partitim
882 2802 1003 2879 singula
1021 2799 1173 2876 habere[,]

343 2885 428 2943 Inte
449 2885 630 2944 coniunctim
648 2887 786 2958 fluerent,
808 2907 925 2962 unoque
946 2895 1071 2963 recepta

343 2969 474 3029 Pectora
497 2971 639 3028 virtutum
659 2971 789 3048 collegia
809 2973 904 3031 mixta
924 2973 1049 3030 coirent.

342 3053 426 3114 Nam
447 3056 528 3132 quod
548 3056 655 3132 vulgus
674 3057 768 3128 iners,
790 3065 820 3114 et
844 3056 1088 3116 adhucratiouis
1109 3073 1237 3132 egenum

343 3139 396 3200 Nil
420 3149 507 3218 putat
526 3159 597 3200 esse
619 3141 683 3198 fero
705 3141 825 3200 blandis
846 3161 913 3200 cum
936 3144 1033 3201 Marte
1054 3139 1210 3212 Camenis,

345 3226 392 3285 Tu
414 3245 482 3285 cum
502 3228 601 3286 Marte
622 3226 688 3285 fero
712 3228 895 3288 commercia
916 3227 1029 3286 blanda
1049 3245 1185 3286 sororum

343 3310 428 3368 Inter
449 3331 484 3371 se
504 3312 627 3389 placida
648 3313 912 3388 consanguinitate
933 3313 1058 3390 ingesti,

343 3396 511 3471 Musarum,
533 3398 579 3455 vir
600 3415 720 3474 magne,
743 3397 840 3474 prior,
866 3398 978 3471 belline
1001 3399 1140 3458 laborum

341 3479 513 3554 Laudibus,
536 3484 724 3560 ambignum:
747 3483 805 3542 sed
826 3491 906 3541 certe
928 3497 1057 3559 magnus
1080 3491 1219 3556 utroque.

343 3563 411 3624 Nec
431 3573 463 3624 te
483 3565 640 3626 Nobilitas
661 3577 765 3627 custos
780 3568 898 3638 erroris
922 3569 995 3629 aviti

344 3649 454 3710 Traxit
472 3651 504 3708 in
528 3653 714 3728 exemplum,
738 3653 818 3729 legis
839 3671 916 3726 quae
939 3650 1027 3709 vertit
1047 3651 1079 3708 in
1100 3668 1189 3710 nsum

343 3734 399 3796 Nil
421 3737 511 3808 scire,
538 3745 569 3792 et
589 3737 714 3795 rudibus
738 3735 942 3796 transmittere
961 3735 1091 3794 cultibus
1114 3751 1234 3794 aarum.
