3059 4492
656 487 808 584 Q

316 651 421 715 οὐκέτι
446 651 575 736 ίλαμένη
596 658 695 735 γεῖτον
718 653 854 736 ἐσήλαθ’
880 653 963 738 ὕδωρ

273 738 381 820 πείρην
403 737 614 820 δειμαίνουσα.
638 738 675 801 τά
696 737 725 801 δ’
751 740 847 802 ῦδατα
868 760 916 821 μιν
937 738 1113 821 κατέλεγξε.

316 822 438 906 στίλβει
460 821 517 905 γάρ
540 823 592 884 καὶ
615 823 671 906 όλη
694 823 810 908 κέρασι
830 823 1034 907 κροπτομένη.

274 905 364 989 λείρι’
389 906 422 968 ἐν
444 905 580 974 όαλινοῖς
598 907 783 991 διακρίνεται
797 906 918 990 ἀγγεσιν
940 907 1034 984 οὕτω,

315 989 507 1073 κρύσταλλος
526 1013 561 1054 τε
583 991 689 1054 λαθεῖν
712 991 769 1056 οὐκ
791 992 850 1075 ἐάφ
868 991 906 1055 τά
928 991 1016 1075 ρόδα.

276 1074 379 1142 εἰσδὺς
399 1075 459 1155 ἐγὼ
482 1076 515 1138 τδ
539 1077 664 1159 λοετρδν
684 1075 886 1159 ἀναινομένην
909 1076 1051 1160 ἐφίλησα.

316 1163 371 1222 τοῦ
396 1159 431 1222 δὲ
452 1157 547 1222 πλέον
570 1163 684 1244 τολμᾷν
707 1160 788 1245 είρΕε
812 1160 934 1243 διαογδς
956 1161 1050 1243 ὕδωρ.

278 1332 363 1428 1,62.
386 1325 538 1434 ΣΙώφρων,
563 1327 637 1430 οὐδὲ
652 1331 750 1432 πάλαι
764 1334 890 1435 σεμναῖς
903 1327 1030 1433 είκοορα
1045 1327 1191 1414 Σαβίνοις

277 1413 1053 1584 οβθθίλίίῖξιῖβῗλιῗκίζῗβὲιῖίῗθλῗέἶρθ

315 1581 367 1644 καὶ
391 1581 518 1664 θερμοῖς
540 1578 646 1645 Βαϊῦιν
671 1583 761 1645 ὕδασι
780 1581 973 1665 θαλπομένη,

277 1662 363 1750 ξείνῳ
382 1661 474 1748 ἔρωτι
496 1666 591 1748 δάμη,
614 1665 665 1728 τόν
687 1667 716 1729 τ’
739 1665 837 1750 ἄνδρα
856 1668 1000 1739 λιποῦσα,
1021 1664 1083 1750 νέῳ
1103 1663 1157 1748 μὲν

317 1749 441 1826 ἕσπετο,
464 1747 629 1834 Πηνελόπη
651 1748 682 1812 δ’
706 1751 814 1839 ηλθεν,
833 1750 951 1833 ἀπῆλθ’
968 1747 1093 1833 Ἑλένη.

280 1920 384 1993 12,52.
410 1917 560 2001 στέμμασι
581 1917 713 2002 Πιερίοις
736 1918 859 1987 εἰωθὼς
875 1922 971 2001 κρᾶτα
990 1919 1146 1995 πυκάίειν,

314 2005 341 2086 ἡό
355 2003 503 2070 πελάταις
541 2004 642 2086 νωσιὴ
663 2006 790 2084 γλῶσσα
812 2002 1024 2085 διωκομένοις,

277 2091 377 2155 κεῖνος
397 2088 413 2148 ὁ
433 2025 648 2171 σδςζλῖοῦφος,
671 2087 868 2171 Σεμπρωνία,
891 2087 1003 2149 ἐνθάδε
1023 2092 1131 2163 κεῖται,

318 2169 354 2234 οὔ
376 2171 426 2233 καὶ
446 2176 617 2318 παρισοῦται
636 2174 770 2256 λείψανα
795 2177 860 2235 σεῖο
882 2171 983 2255 πόθῳ.

471 2256 478 2279 λ

275 2256 401 2340 τερπνὸς
421 2255 452 2316 ἐν
513 2255 610 2340 λασίῳ
630 2258 727 2341 πεδίῳ
749 2256 940 2341 θρολλισμδς
962 2256 1095 2325 ἀκούεις.

317 2343 373 2403 σοῦ
394 2362 427 2402 τε
447 2341 523 2422 πρὸς
545 2341 704 2423 ἁρπαγμὸν
728 2338 878 2424 Τυνδαρὶς
902 2341 1066 2423 ἐξεπλάγη.

276 2424 386 2488 νόστου
412 2424 438 2486 δ’
463 2423 620 2507 ἐμνήσθης
644 2425 678 2488 σθ
701 2428 752 2489 τδν
777 2427 957 2509 ἁρπακτῆρα
979 2427 1119 2488 λιποῦσα.

318 2511 337 2591 ἡ
365 2507 396 2571 δ’
418 2507 478 2592 οὐχ
499 2508 608 2572 ἕσπετο
631 2533 681 2592 μιν
700 2510 806 2593 τάνδρὶ
831 2509 1061 2594 ρετερχομένῳ.

163 2571 164 2611 ³
273 2590 426 2660 Ἰλιακοδς
446 2592 564 2674 γελόων
589 2594 650 2657 ἀΐει
671 2592 835 2662 Μενέλαος
858 2593 985 2678 ἔρωτας.

317 2681 369 2741 τὸν
393 2677 490 2760 Φρῦγ’
517 2678 670 2742 ἀθωώσαι
692 2678 721 2740 δ’
748 2680 870 2762 ἁρπαγὴ
896 2679 1039 2761 ὑμετέρη.

276 2763 345 2826 ἀλλ’
371 2761 461 2826 ὁπότ’
485 2761 640 2846 εὐσεβέων
661 2764 696 2826 σὲ
721 2764 877 2834 δεδέξεται
901 2763 995 2836 οἶκος,
1024 2763 1147 2830 ἁπάσας

317 2847 442 2930 μέλλεις
463 2846 517 2915 τὰς
539 2846 641 2932 ψυχὰς
663 2847 744 2911 κεῖθι
766 2851 1014 2933 παρεοδοκιμεῖν.

275 2929 458 3016 Περσεφόνη
480 2932 637 3014 πεφθιηκ’,
660 2932 716 2995 οῦκ
740 2933 887 3016 ἀλλοτρίη
910 2955 969 3018 σφε
990 2931 1159 3016 βλέπουσα,

317 3015 485 3101 ἁρπακτάς.
508 3016 556 3080 όδ’
581 3014 660 3101 ἔρως
681 3018 729 3080 σοὶ
752 3019 882 3102 φιλίωσε
901 3017 986 3081 θεοίν.

277 3185 507 3262 11,175.τίπτε,
517 3183 599 3248 θεῶν
610 3187 747 3270 βασιλεῦ,
756 3183 1061 3269 Δανάησάπράξατο
1069 3180 1190 3265 μισθόν,

317 3275 371 3353 τῆς
393 3270 507 3351 Λήδας,
530 3267 603 3347 Ζεῦ,
630 3270 679 3332 σοί
704 3276 817 3354 προῖκα
839 3268 1063 3354 χαριζομένης;
1181 3282 1183 3284 ,

276 3442 409 3516 14,180.
434 3441 567 3523 ὤφελες,
586 3438 748 3501 ἀθανάτων
761 3437 907 3521 γενέτωρ,
929 3437 961 3518 ἐς
973 3439 1085 3519 ταῦρον
1104 3434 1189 3517 ἀμεῖ·
1239 3509 1243 3517 ⁴

315 3530 371 3608 τῆς
388 3522 468 3592 Ἰοῦς
488 3524 531 3590 εἰς
550 3525 623 3608 βοῦν
647 3525 699 3587 σοί
718 3523 788 3586 ποτ’
813 3519 1031 3607 ἀμειβομένης.
1087 3520 1190 3604 [φθαα

277 3696 410 3769 11,187.
432 3693 489 3776 ἥδε
510 3691 656 3776 νεηνιέων
676 3690 829 3775 πρωτίστη
858 3689 979 3761 ἔπαιξεκ
1003 3686 1129 3774 ἔρωτας.
