3059 4492
245 702 358 759 Famae
382 698 536 776 stigmata,
560 703 692 761 nominis
716 702 834 776 lituras,

159 818 160 827 κ
246 785 361 862 Speras
380 783 452 844 olim
469 785 590 843 abolere
611 807 724 863 possc;
745 789 866 846 frustra.

159 896 160 903 ¹
246 870 323 930 Cum
346 871 455 929 vulnus
477 871 557 943 coiit,
579 881 681 930 manet
702 873 843 931 cicatrix:
891 884 893 894 '

245 956 345 1031 thue
367 955 494 1013 infamia
513 955 622 1016 vulnus
647 967 694 1016 est
714 958 838 1016 honoris
844 981 855 1027 ‚·

246 1043 293 1099 Ita
313 1040 480 1118 ignominia
500 1040 565 1099 eius
587 1050 635 1100 est
656 1043 791 1100 cicatrix.

159 1234 160 1247 ¹
249 1212 297 1268 13.
338 1210 386 1266 De
415 1209 535 1281 Sabino,
566 1230 648 1286 quem
668 1215 820 1288 sponsione
848 1211 924 1270 mille
946 1231 981 1270 ae
1008 1212 1159 1268 ducentum

278 1314 431 1352 aureorum
438 1306 625 1372 provocarat,
636 1301 839 1374 terpiversunte
848 1293 1132 1372 tmampbatAuctor.

246 1379 335 1463 Quod
355 1379 520 1437 Fontenaci
544 1400 636 1438 verna
657 1402 716 1439 non
740 1382 880 1454 viriliter,

159 1538 160 1543 η
246 1466 345 1540 Quem
369 1465 480 1546 stultus
501 1466 621 1522 hostem
643 1467 824 1541 provocavit,
850 1465 975 1540 excipit:

159 1584 160 1595 κ
246 1549 338 1625 Quod
362 1550 531 1625 sponsione
551 1550 611 1607 iam
635 1550 807 1624 lacessitus,
830 1561 931 1609 tamen

159 1624 160 1705 f
244 1637 431 1707 Frustratur‚
454 1642 484 1691 et
502 1635 639 1708 calvitur,
664 1644 693 1692 et
714 1637 822 1712 pedem
845 1637 945 1696 struit:

159 1726 160 1729 ’
243 1722 392 1779 Extrema
412 1738 504 1776 arena
523 1721 601 1794 quod
623 1721 757 1796 Quirites
781 1723 927 1781 invocans

244 1804 417 1862 Indebitam
441 1806 569 1861 antehac
590 1806 768 1864 missionem
788 1809 931 1885 postulat,

244 1891 319 1949 Non
342 1909 427 1946 crure
449 1898 541 1962 secto,
565 1911 623 1948 non
645 1891 790 1948 lacertum
812 1895 943 1964 saucius,

244 1976 316 2034 Non
342 1975 428 2032 hoste
449 1975 528 2032 visor
552 1976 606 2034 sed
629 1976 719 2033 tubae
741 1977 844 2035 audito
870 1997 942 2035 sono

245 2061 367 2136 Turpes
390 2059 525 2118 latebras
547 2061 664 2134 quaerit
684 2062 832 2138 exanguis
854 2069 950 2120 metu:

244 2147 308 2203 Vos
332 2143 511 2203 Gallicanae
530 2145 631 2203 lumen
656 2164 691 2202 ac
711 2146 802 2204 decus
825 2154 913 2223 togae

244 2231 360 2305 (Quam
385 2248 450 2286 cum
466 2228 597 2289 Sabinus
621 2232 750 2306 sumpsit
771 2230 852 2303 olim,
871 2231 1007 2308 luppiter

244 2317 333 2373 Tunc
355 2315 523 2388 inquinavit
544 2335 613 2372 aere
637 2323 757 2394 tempus
777 2319 915 2394 aureum)

243 2402 319 2473 Vos,
341 2400 524 2475 caeterique,
549 2401 599 2475 qui
621 2399 803 2478 voluptatem
825 2403 946 2460 auribus

243 2487 315 2544 Huc
334 2493 515 2560 aucupatum
539 2487 769 2545 concucurristis
792 2487 894 2559 dome,
944 2491 946 2496 '

243 2571 347 2630 Abite.
381 2569 470 2627 abite.
516 2570 582 2627 Iam
602 2579 650 2628 sat
672 2581 729 2644 est,
751 2572 817 2629 vici.
863 2573 944 2647 Quia

244 2655 335 2714 Vinci
356 2663 486 2727 veretur,
506 2663 555 2713 sat
577 2653 708 2715 Sabinus
732 2657 829 2716 victus
850 2666 906 2716 est.

159 2772 160 2775 ¹
245 2741 350 2811 Abin,
373 2741 441 2798 vici.
484 2738 547 2799 Sed
567 2760 666 2798 meam
687 2742 844 2800 victoriam

159 2849 160 2911 l
243 2825 316 2884 Non
335 2833 477 2883 aeneator
497 2825 685 2902 praedicabit
709 2827 865 2900 Isthmius

244 2910 316 2969 Non
329 2910 492 2968 laureatae
516 2911 700 2970 nunciabunt
719 2912 835 2970 literae.

243 2996 315 3054 Non
335 3014 383 3052 me
407 2997 574 3052 trahentem
596 2996 704 3053 aulaea
721 2998 874 3074 palmatae
893 3007 992 3074 togae,

243 3081 383 3156 Viaeque
405 3081 523 3155 equinis
548 3089 643 3139 strata
661 3081 856 3158 plaudentem
875 3083 996 3161 ungulis

243 3168 329 3226 Ebur
352 3165 454 3222 curule
476 3167 563 3225 sistet
584 3167 615 3223 in
639 3166 715 3225 clivo
734 3169 831 3240 Iovis,

159 3291 160 3294 η
243 3252 312 3308 Iovi
331 3250 473 3308 Faliscae
496 3252 662 3309 debitorem
684 3254 832 3310 victimae.

243 3335 316 3395 Non
337 3337 499 3394 bracteatis
518 3337 674 3395 ventilabit
694 3336 835 3397 laudibus

244 3420 338 3498 Volgi
360 3422 500 3498 sequacis
522 3422 644 3495 clamor,
668 3431 719 3480 sut
741 3423 902 3497 Quiritium

242 3506 351 3563 Paean
369 3525 507 3565 canorus.
530 3527 593 3565 non
613 3508 717 3565 iocosa
738 3508 885 3565 montium

242 3591 352 3669 Imago
376 3592 466 3650 claris
488 3592 622 3650 intonata
644 3592 802 3668 plausibus

243 3676 380 3736 Victoris
403 3695 491 3735 aures
513 3677 692 3753 personabit
709 3677 812 3754 gloria.

243 3760 373 3820 Plebeia
392 3762 485 3839 pulpa
507 3762 608 3820 ductet
629 3764 705 3820 baec
725 3761 891 3836 famelicos,

916 3857 960 3917 2.
