3059 4492
729 473 879 566 ”Q

347 644 389 702 At
405 641 536 703 luridum
559 642 688 702 cadaver
706 642 867 719 expulsum
889 642 974 701 foras

344 725 494 804 Delphini
516 727 621 803 aprica
643 734 811 803 concoquat
831 725 987 800 Canicula,

347 812 538 888 Passumque
558 813 591 870 in
613 812 690 889 algis
712 813 804 886 inque
822 831 924 870 musco
945 812 1097 889 putridum

347 897 493 956 Miserata
514 896 620 955 condet
640 916 702 954 una
722 895 866 956 Nesaeae
891 915 987 971 soror,
1133 893 1137 901 '

277 978 329 1034 2100
348 981 475 1058 Opitula
495 982 602 1039 abadir
620 983 746 1040 maximi
767 980 944 1059 Cynaethei.

345 1067 533 1142 Bustumque
553 1067 725 1144 proximum
747 1067 893 1126 coturnici
914 1067 979 1124 aliti

345 1153 506 1225 Tremens,
530 1153 649 1211 cavebit
670 1172 804 1210 murmur
822 1152 939 1228 Aegaei
956 1151 1029 1213 sali.
1081 1186 1088 1202 x

345 1237 432 1295 Tunc
451 1237 505 1294 illa
524 1235 680 1296 (lastniam
703 1246 732 1295 et
755 1237 939 1294 Melinaeam
954 1238 1047 1294 'deam

344 1321 519 1380 Proscindit
539 1322 639 1380 audax
660 1322 754 1399 Ura'gi
772 1321 806 1379 in
826 1322 954 1397 palatio,

174 1433 175 1436 ¹
277 1409 328 1460 405
347 1405 431 1480 Quae
452 1406 543 1464 laciet
560 1407 646 1465 illum
667 1416 731 1465 rete
752 1406 957 1473 inextricabili

344 1493 460 1551 Furore
480 1510 537 1550 neo
554 1493 653 1550 furore
671 1511 776 1551 verum
793 1491 972 1567 Erinnyum‚

346 1576 490 1636 Tendens
511 1596 646 1634 amaram
666 1577 843 1654 compedem
864 1576 1037 1635 fatitrabam

347 1662 516 1736 Omnisque
538 1669 685 1720 moestum
706 1661 837 1721 Graecia
858 1661 1028 1733 eiulabitur‚

347 1745 563 1822 Quamcunque
584 1748 736 1806 Araethus
763 1747 847 1806 intus
870 1755 958 1821 atque
980 1744 1156 1821 inhospitae

276 1835 331 1889 410
347 1830 465 1890 Fauces
488 1839 626 1890 coercent
646 1832 732 1890 Dotii
750 1832 943 1890 Libethriae=

346 1916 465 1992 Quibus
489 1936 575 1974 meae
595 1916 645 1975 vel
667 1918 705 1974 ad
726 1917 848 1994 paludis
869 1918 986 1975 inferas

343 2001 457 2078 Ripam
477 2002 528 2060 diu
549 2010 619 2061 sunt
636 2002 850 2060 lacrumandae
869 2003 1002 2078 nuptiae.

343 2086 425 2144 Nam
446 2087 644 2162 plurimarum
667 2095 772 2145 ventre
792 2087 981 2145 funerabitur

345 2169 585 2231 Serratidentum
607 2173 695 2230 fauce
715 2191 888 2248 camparum
910 2171 1044 2229 abditum

276 2264 327 2318 415
345 2256 483 2316 Examen
503 2258 624 2334 ingens,
646 2259 841 2334 hospitesque
862 2259 894 2315 in
916 2255 1035 2332 hospite

344 2341 441 2400 Terra
459 2343 602 2400 subibunt
621 2344 712 2401 busta
733 2343 871 2420 cognatis
894 2340 1011 2418 procul.

343 2425 425 2484 Nam
446 2426 513 2502 ripa
536 2427 685 2502 quendam
708 2427 881 2502 Strymonis
905 2425 1035 2486 Bisaltia

342 2512 572 2570 Absinthiorum
592 2513 734 2589 proxima
755 2520 845 2586 atque
865 2512 1027 2571 Bistonum

343 2597 510 2673 Vesticipis
532 2597 661 2657 altorem
685 2598 832 2674 optimum
851 2597 973 2656 Edonos
996 2611 1089 2671 prope

273 2689 327 2744 tao
345 2681 443 2759 Teget
459 2683 556 2758 prius,
579 2682 786 2758 Tymphresta
806 2702 897 2758 quam
917 2688 1020 2740 cernat
1038 2679 1122 2755 iuga,

344 2763 408 2839 Suo
430 2767 551 2843 parenti
573 2767 733 2842 plurimum
755 2769 884 2826 invisum
908 2767 1052 2836 omnium,

344 2850 405 2926 Qui
427 2851 500 2908 fecit
521 2851 606 2909 illum
627 2852 796 2926 caecilium,
820 2852 926 2911 oculos
948 2852 1065 2920 forans,

344 2934 451 2994 Cubile
474 2937 610 3013 spurium
632 2937 752 3012 quando
774 2937 862 2995 inivit
882 2936 1012 3013 pellicis.

341 3021 421 3080 Tres
445 3019 594 3098 Cercaphi
615 3022 760 3103 spelunca
782 3041 925 3081 caenares
946 3029 1028 3098 teget

171 3121 173 3132 ’
275 3109 326 3165 425
345 3106 428 3165 Olim
451 3107 588 3183 sepulcro
608 3127 670 3166 non
692 3108 730 3165 ab
749 3108 862 3167 Alenta
881 3108 1000 3184 procul:

341 3191 475 3250 Molossi
496 3192 607 3250 olorem
628 3193 801 3269 praescium
822 3192 941 3250 Insinui
963 3190 1050 3266 cubi,

343 3274 470 3336 Scrofae
489 3277 630 3336 incientis
653 3278 840 3336 nescientem
859 3276 1000 3350 deliaca,-

343 3359 419 3420 Oum
443 3362 576 3439 caprifici
596 3362 648 3420 lite
674 3363 861 3439 compellans
885 3370 952 3420 cata

341 3446 451 3504 Vatem
472 3447 635 3520 aemulum,
656 3449 725 3524 ipse
748 3449 845 3507 falsus
868 3467 907 3505 ex
928 3445 1051 3505 oraculo

271 3542 324 3598 430
343 3528 490 3592 Somnum
512 3532 634 3592 Teniris
657 3536 867 3608 praestitutum
893 3532 1037 3592 dormietz

341 3615 547 3694 Quantumque
570 3619 670 3696 magni
686 3619 849 3678 liberorum
873 3618 1006 3690 Diiovis,

339 3703 476 3762 Fratrem
497 3702 592 3778 dplosi
613 3705 760 3764 Aethonis
784 3705 816 3763 in
835 3705 914 3764 fictis
935 3705 1029 3763 uotis:
