3059 4492
1433 541 1514 601 69

558 709 653 768 Tu
699 717 909 766 contra
946 709 1265 784 (horresco
1311 709 1686 786 memorans)
1725 710 1825 768 hic
1865 711 2000 769 iura
2041 712 2339 791 fidemque

556 794 828 866 calcata,
877 793 979 852 hic
1018 794 1252 869 patriae
1296 812 1651 854 conversum
1689 795 1754 853 in
1797 795 2033 862 viscera
2067 797 2314 874 ferrum,

556 880 751 955 (Proh
794 875 1016 957 pudor)
1060 879 1381 977 Hispanos
1426 880 1697 939 dominos
1733 879 1797 937 in
1841 889 2003 939 tecta
2038 893 2345 962 receptos,

554 966 819 1023 Mutatus
868 961 1177 1022 Gallorum
1222 964 1488 1038 animos,
1527 974 1587 1024 et
1631 965 1837 1024 saecla
1876 974 2164 1040 nepotum

553 1050 989 1126 Degenerasse
1032 1050 1226 1107 refers
1275 1050 1553 1108 virtutem
1598 1049 1792 1108 oblita
1832 1059 2182 1148 paren-tum·

552 1139 643 1193 Ac
685 1142 750 1191 te
788 1132 1088 1205 faelicem,
1137 1135 1233 1191 cui
1282 1135 1554 1212 contigit,
1597 1135 1718 1194 ista
1761 1135 2113 1212 priusquam

552 1218 830 1296 Longius
868 1219 933 1275 in
978 1219 1235 1278 miseros
1276 1227 1529 1296 serpant
1574 1220 1850 1296 contagia
1890 1218 2127 1294 Ganos,

556 1303 917 1380 Oppetiisse
939 1351 944 1356 .
964 1311 1166 1360 tamen
1206 1304 1519 1379 pulchram
1555 1324 1667 1380 per
1708 1305 1962 1363 vulnera
1997 1312 2268 1366 mortemss

554 1389 837 1463 Denique
886 1395 946 1445 et
986 1389 1099 1446 hoc
1141 1389 1382 1460 melius,
1426 1409 1606 1464 quam
1647 1389 1700 1448 si
1738 1396 1798 1447 te
1843 1390 2039 1447 lurida
2087 1394 2260 1452 tabes
2349 1408 2354 1415 ·

554 1474 869 1533 Devotum
907 1475 1120 1532 morbo
1170 1481 1373 1550 caput,
1420 1483 1482 1532 et
1524 1474 1658 1534 sine
1708 1474 1948 1533 nomine
1987 1476 2171 1535 funus

554 1561 909 1619 Absumset.
956 1558 1197 1630 melius,
1234 1576 1411 1633 quam
1460 1561 1515 1618 si
1562 1568 1621 1618 te
1663 1560 1929 1635 caespite
1971 1560 2080 1618 vili

556 1643 958 1720 suppositum
999 1643 1229 1701 velaret
1271 1645 1488 1702 humus
1534 1645 1884 1722 peregrina:
1924 1663 2120 1720 neque
2159 1647 2322 1706 ullus

553 1728 848 1803 Exequiis
894 1729 1129 1804 patriae
1171 1729 1550 1806 contingeret
1595 1731 1846 1788 haustus
1885 1747 2130 1804 arenae,

554 1817 679 1874 Aut
718 1813 1009 1884 tumulus,
1048 1813 1279 1872 tumulo
1332 1822 1393 1871 et
1426 1814 1532 1872 leti
1577 1815 1967 1891 superaddita
2009 1833 2230 1875 caussa

555 1900 634 1957 Et
676 1899 884 1969 funus,
930 1897 1030 1972 qui
1076 1898 1240 1957 solus
1286 1899 1487 1958 honos
1535 1907 1629 1956 est
1669 1898 1898 1960 lumine
1945 1901 2163 1959 cassis.

556 1984 650 2042 Tu
689 1982 989 2056 loqueris:
1035 1983 1252 2051 tacitus
1302 1984 1620 2060 suspensis
1670 1985 1916 2043 auribus
1962 1985 2072 2042 illa

554 2068 909 2128 Conventus
955 2067 1111 2126 bibit
1151 2068 1470 2128 Heroumz'
1498 2086 1615 2126 nec
1655 2069 1778 2126 iam
1819 2078 1924 2126 tua
1963 2069 2160 2127 sentis

557 2154 857 2212 Vulnera:
898 2172 1027 2210 non
1066 2153 1344 2231 gemitus,
1388 2173 1506 2211 non
1551 2155 1702 2210 haec
1743 2153 2020 2212 mortalia
2061 2172 2267 2214 curas:

559 2239 638 2297 Et
678 2257 835 2313 quae
879 2257 999 2294 non
1046 2256 1221 2297 curas
1268 2238 1443 2296 nobis
1492 2238 1770 2296 deflenda
1815 2238 2132 2312 relinquis.

557 2323 890 2394 Flebimus,
935 2329 997 2379 et
1036 2323 1312 2394 memori,
1370 2324 1425 2381 si
1465 2323 1610 2398 quid
1643 2323 1750 2399 pia
1794 2323 2062 2389 carmina
2104 2333 2384 2401 possunt,

559 2408 628 2468 Si
669 2408 806 2483 quis
844 2426 1018 2465 amor
1047 2408 1173 2465 veri
1220 2415 1333 2480 est,
1379 2416 1438 2465 te
1484 2408 2034 2467 commendabimus
2083 2428 2256 2468 aevo.

557 2493 849 2552 Dicemus
894 2493 1111 2550 validis
1153 2493 1444 2552 defensas
1479 2493 1706 2551 viribus
1753 2512 1946 2557 arces,

559 2577 753 2652 Quam
798 2576 1150 2654 Gardampa
1180 2597 1393 2655 rapax,
1423 2585 1685 2652 et.quam
1716 2577 1865 2637 lavit
1881 2596 2063 2636 amne
2085 2578 2382 2656 Vigenna.

557 2663 873 2722 Addentur
915 2663 1051 2720 fuso
1094 2662 1375 2740 palantes
1411 2663 1661 2740 agmine
1704 2671 1942 2722 turmae-

558 2747 696 2806 Non
743 2746 877 2806 sine
919 2755 1001 2820 te,
1046 2756 1107 2804 et
1148 2748 1309 2824 turpi
1354 2755 1661 2807 vertentes
1701 2755 1871 2825 terga
1917 2749 2146 2806 timore.

558 2836 645 2893 Ac
685 2832 961 2907 quamvis
1010 2832 1220 2892 titulus
1263 2832 1465 2909 plenis
1507 2833 1620 2890 tibi
1658 2833 1953 2892 fructibus
1998 2834 2215 2911 ingens

560 2922 877 2978 Armorum
924 2917 1135 2976 merito
1180 2926 1308 2976 est·
1352 2924 1557 2975 tamen
1603 2925 1697 2976 est
1736 2919 1907 2994 prior
1947 2918 2155 2976 ordine
2195 2919 2384 2983 virtus

559 3003 637 3060 Et
679 3003 898 3061 doctae
938 3002 1223 3079 impubes
1261 3009 1431 3061 aetas
1476 3009 1731 3078 operata
1774 3004 2103 3069 Minervae.

563 3087 721 3148 Siste
768 3106 993 3164 parens
1036 3088 1341 3159 lacrimas,
1388 3088 1576 3146 animi
1619 3095 1898 3147 matrona
1939 3086 2157 3159 virilis,

563 3170 628 3232 Si
664 3192 785 3247 qua
830 3172 980 3231 fides
1026 3182 1227 3231 vatum
1276 3172 1566 3250 auguriiS,
1612 3180 1815 3234 manet
1854 3172 2100 3230 ultimus
2145 3172 2386 3231 hostem

560 3256 806 3327 Exitus;
851 3258 1012 3316 haud
1058 3258 1271 3316 humili
1308 3258 1618 3334 persolvet
1657 3258 1894 3316 vindice
1934 3273 2182 3333 poenas.

561 3341 802 3400 Interea
841 3344 954 3402 has
986 3344 1297 3415 lacrimas,
1339 3342 1559 3402 solatia
1599 3362 1756 3400 vana
1807 3339 2038 3400 doloris

561 3429 785 3505 Accipe
825 3447 964 3486 care
1007 3446 1179 3505 puer,
1215 3428 1358 3486 dum
1399 3428 1648 3504 paulum
1690 3444 1836 3484 cura
1871 3424 2132 3483 remissa

561 3511 762 3572 Laxat
802 3515 920 3572 iter
961 3515 1111 3586 voci,
1158 3522 1223 3570 ut
1268 3513 1449 3571 liceat
1491 3521 1597 3570 tua
1636 3512 1834 3569 dicere
1877 3511 2057 3568 facta.

563 3599 781 3674 Accipe
824 3613 963 3657 care
1001 3612 1154 3676 puer
1194 3598 1501 3670 lacrimas,
1553 3596 1840 3670 salveque
1884 3595 2162 3670 valeque.
