3059 4492
637 491 788 584 ffl—
822 471 827 478 .

253 658 360 718 Miseri
381 657 517 734 lupinam
538 660 635 736 petiis
654 660 790 737 explevit
809 660 931 735 famem,

173 803 174 808 ,
253 744 430 804 Extremam
453 743 567 802 arantis
585 753 696 802 terram
722 745 837 816 Itdonis
860 747 1019 824 hospitem.

253 831 311 889 Ast
332 829 412 886 ultor
435 847 505 886 acer
524 827 631 905 Phryx
655 830 739 888 necis
761 830 899 890 sororiae

171 911 172 920 ’
253 913 372 972 Rursus
392 913 538 972 nutricem
561 913 763 973 continentem
784 915 883 974 dirue

253 998 355 1057 Parioi
378 997 478 1074 opaci,
502 997 568 1058 iura
588 999 807 1059 sincerissuma

254 1083 423 1142 Reddentis
447 1089 512 1141 arte
531 1091 708 1142 contumace
726 1084 881 1161 pluribus:

254 1168 419 1226 Lalisionis
443 1168 558 1226 aurium
583 1169 636 1244 qui
656 1170 842 1246 appendices
886 1210 888 1215 -

254 1253 380 1312 Flaccus
400 1253 550 1326 recidens,
571 1261 705 1328 tempora
728 1254 850 1312 ornabit
870 1272 937 1325 sua,

255 1338 370 1397 Muscis
395 1338 534 1397 timorem
554 1339 765 1415 sanguisorbis
786 1339 947 1396 adferensz

257 1421 313 1481 cui
335 1430 444 1480 cuncta
465 1422 615 1500 Phlegrae
637 1432 718 1482 terra
740 1432 832 1501 capta
851 1424 972 1495 serviet,

257 1507 549 1583 Thrembusiumque
570 1507 699 1581 culmen,
722 1517 812 1584 atque
835 1508 951 1567 caeruli

245 1591 360 1670 ‘Rupes
383 1592 516 1664 Titonis,
540 1600 629 1668 atque
653 1592 816 1654 Sithonum
837 1594 957 1672 plagae.

255 1676 487 1752 Palleniumque
506 1679 654 1754 iugerum,
678 1679 759 1753 quod
783 1679 925 1756 corniger

256 1762 356 1821 Rumo
380 1763 510 1840 saginat,
531 1763 597 1820 lixa
613 1764 712 1840 gentis
736 1765 865 1822 accolae.

255 1848 368 1905 Multas
391 1848 526 1906 vicissim
549 1849 714 1907 concitabit
733 1849 885 1907 lacrumas

258 1931 402 2007 Quirinus
426 1940 477 1990 eut
498 1932 661 2006 Gradivus,
683 1942 735 1991 aut
756 1953 847 2009 quem
869 1932 984 1990 dixeris

255 2017 479 2094 Ligurrieutem
498 2025 569 2094 pota
592 2019 683 2076 caede
705 2019 832 2096 praelia.

257 2100 317 2162 Sed
341 2122 404 2160 non
428 2103 563 2177 quiescet
583 2103 628 2161 sic
648 2123 761 2180 parens
783 2103 966 2175 Promethei,

257 2184 318 2247 Sed
339 2207 395 2264 pro
415 2187 567 2256 universis
588 2189 691 2264 stirpis
716 2209 809 2246 unum
827 2185 935 2246 Persei

255 2273 356 2330 Mittet
377 2272 541 2349 gigantem,
565 2275 612 2331 cui
631 2274 682 2330 via
702 2293 786 2332 mare
808 2274 964 2350 hospitum

255 2357 321 2415 Erit
342 2357 487 2432 pedestri,
509 2366 541 2415 et
564 2365 645 2417 terra
667 2359 859 2436 navigabitur

257 2441 369 2500 Tonsis
393 2443 508 2500 secanti
526 2461 606 2502 rura.
628 2451 699 2501 tunc
720 2444 876 2502 Feretriae

254 2525 375 2586 Domus
398 2525 543 2600 Quirinae
563 2536 629 2587 tota
647 2531 780 2606 flagrans
802 2527 923 2604 ignibus

257 2611 333 2671 Cum
355 2612 543 2670 moeniorum
564 2613 665 2690 ligneo
687 2614 865 2689 procestrio,

255 2698 395 2756 Faunum
417 2698 539 2756 vocabit
559 2699 657 2773 pestis
680 2706 824 2769 autorem,
848 2715 992 2774 augurem

255 2781 495 2856 Mendaciorum,
517 2783 687 2860 Februique
707 2784 883 2842 antistitem.

257 2866 437 2942 Crudaeque
459 2869 542 2944 genti
564 2878 671 2926 cuncta
692 2869 853 2927 mandetur
875 2867 965 2927 simul
1051 2893 1057 2905 ·

256 2951 412 3030 Deglubta
435 2951 547 3030 duplici
568 2954 716 3013 delibrato
740 2955 850 3012 cortice

256 3039 419 3096 Mansuete
440 3039 543 3096 nutrix
563 3039 724 3112 fructuum,
747 3046 839 3114 atque
861 3038 954 3095 arbos
977 3036 1057 3093 iera:

256 3123 462 3181 Exhaurietur
482 3125 581 3182 omnis
604 3124 685 3181 unda
706 3123 860 3181 fluminum

257 3205 332 3268 Sitis
358 3207 476 3266 calores
499 3209 614 3266 affatim
637 3208 892 3286 extinguentiurn:
995 3228 999 3235 ⁴

256 3292 366 3351 Nubes
388 3293 508 3370 sagittis
529 3295 646 3352 eminus
671 3293 868 3354 stridentibus

258 3376 360 3455 Super
378 3385 469 3454 caput
489 3380 670 3451 crebrescet,
694 3388 786 3453 utque
808 3375 979 3436 Cimmerae

258 3463 405 3523 Obnubet
427 3464 550 3521 umbrae
572 3463 692 3538 squalor
714 3465 880 3522 obscurans
901 3460 997 3518 iubar.

257 3547 365 3622 Qualis
387 3547 550 3607 Locrensis
572 3567 632 3606 non
654 3548 704 3606 diu
723 3549 814 3607 vivax
834 3565 918 3617 rosa,

256 3633 297 3692 Et
315 3640 425 3690 cuncta
445 3642 569 3692 vastans
589 3633 672 3691 velut
692 3634 796 3709 aprica
815 3629 971 3702 stramina,

256 3718 379 3778 Rursus
402 3717 515 3776 feretur
534 3719 568 3778 in
590 3719 686 3796 pedes
703 3718 886 3795 reciprocus,
930 3800 972 3860 u
