3059 4492
624 533 767 626 4⁴⁵„

241 692 297 777 (Τὸ
321 693 380 777 γὰρ
404 694 552 776 παραίρων
575 699 625 759 καὶ
647 697 846 779 κεκομμένων
871 698 986 783 φρένας
1050 747 1053 754 .

240 777 409 863 Μέλῆδρόν
433 779 528 858 ἐστιν)
549 780 620 840 ἀλλ’
642 781 688 843 ότι
708 781 881 852 Σκαλανίας

243 865 352 948 Ψυχῆς
375 864 477 944 ὑγείαν
501 863 532 924 ἐν
556 869 680 949 νοσῆλιγῑ
705 869 824 948 σώματι

236 945 366 1011 Ἐδεκτσ
390 952 512 1032 χαῖον.
536 949 633 1012 οἰκίαν
656 950 687 1013 δ’
713 951 790 1034 ἐμὴν
814 953 880 1014 ἐπεὶ

239 1031 341 1096 Ἠδεῖ’
366 970 512 1114 ἐπῆλδεν,
535 1033 655 1117 ἥδομαι
676 1037 727 1097 καὶ
747 1038 907 1118 γυίννυμαι.

240 1115 301 1180 Καὶ
321 1115 488 1201 Χρέρυλος
512 1118 773 1202 ῶσπερ-κωμικὸς
792 1122 928 1186 πλούτου
950 1127 1051 1209 τυχῶν

241 1204 302 1269 Καὶ
325 1203 517 1289 φροιμιάζειν
540 1204 592 1264 καὶ
611 1205 753 1287 χορεύειν
780 1206 941 1292 βούλομαι.

242 1291 282 1354 Σὺ
304 1289 363 1371 γὰρ
389 1288 597 1354 ἀντίπλουτος.
621 1289 653 1350 ἓν
676 1289 745 1355 τόδ>
768 1290 940 1374 ἠχθέσθην,
964 1291 1010 1355 ότι

243 1376 342 1457 Φιλῆν
366 1374 508 1454 δάμαρτα
530 1372 681 1453 δωμάτων
706 1377 812 1457 πιστὴν
831 1376 907 1438 κόνοι

162 1530 163 1533 ¹
238 1458 373 1524 Ἔλαθες
394 1456 508 1538 ἐπῆλίις
534 1458 598 1518 ἀντὶ
620 1461 765 1541 φιλτάτου
786 1463 903 1543 παρών.

162 1596 163 1629 ÷
243 1542 319 1608 Οὐδ’
339 1544 444 1626 ὥσπερ
467 1542 558 1620 εἰκὸς,
584 1545 626 1609 ῶς
650 1543 755 1626 ἐχρῆν,
781 1549 822 1612 ὡς
844 1544 926 1615 ἀξιον
1025 1577 1029 1582 ·

238 1627 333 1709 Ἐμοί
353 1649 386 1688 τε
409 1627 460 1689 καὶ
485 1627 543 1700 σοὶ,
563 1626 728 1711 ἐξενώδῆς.
750 1631 780 1691 τί
796 1630 904 1706 πάθαις

162 1750 163 1757 1
244 1711 282 1776 Τί
303 1712 333 1774 δ)
358 1710 472 1778 ἔλαθες
494 1710 611 1787 αὐτως;
631 1711 651 1795 ῆ
673 1736 713 1794 ρα
738 1713 884 1798 βακχικὸν
905 1715 999 1780 πέδον

162 1844 163 1847 ¹
244 1798 449 1880 Αὐρῆλιανῶν
475 1796 504 1857 α’
527 1795 703 1879 ἐνπερῆσειν
722 1798 850 1881 ἤλπισα.

284 1880 503 1963 Εὐδαιμονίζω
525 1881 577 1941 καί
600 1882 634 1944 σὲ
657 1886 711 1964 τῆς
729 1884 863 1967 ἀφίξεως

245 1966 379 2031 Λιπόντα
402 1963 537 2050 Πάριδος
556 1967 609 2048 τῆν
632 1965 720 2028 πόλιν
743 1971 926 2051 φερώνυμον

246 2051 346 2116 Αὐτόν
363 2073 397 2114 τε
420 2049 579 2132 δόσπαριν,
601 2050 727 2134 Φρύγας
744 2075 777 2114 τε
798 2059 993 2135 γυναιμανεῖς

245 2133 510 2219 Πιθηκορόρφους
531 2135 658 2218 αὐλικῆς
678 2137 811 2219 ἀεργίας.

246 2223 309 2286 Νῦν
332 2217 461 2286 εἰκότως
481 2241 517 2300 γε
540 2221 622 2303 φημί
642 2225 670 2282 σ’
696 2219 757 2283 ὄντ’
782 2220 958 2306 ἐλεύθερον.

242 2305 324 2389 Ἐγὼ
351 2305 386 2366 δὲ
411 2305 504 2387 δῆρδν
529 2304 663 2388 ὑστερῶν
685 2328 752 2377 σου,
775 2305 924 2389 φαίνομαι

245 2391 309 2455 Νῦν
330 2389 521 2463 ἀντίδουλος,
547 2390 703 2452 δεσποτῶν
727 2389 902 2475 ἀβελτέρων

246 2475 398 2560 Τριτοίλας
424 2472 546 2536 ἀκούων
569 2476 620 2536 καὶ
639 2475 742 2536 δίκαια
759 2473 870 2538 κᾶδικα

247 2559 350 2624 Τόπον
373 2556 484 2640 τρόπον
508 2579 540 2620 τε
563 2560 716 2644 κάρβανον
740 2559 800 2644 βόα
818 2559 927 2645 σέβων.

283 2642 410 2709 Ὀλοιτο
435 2644 512 2724 δῆτα
532 2650 664 2726 τρωϊκῆς
687 2645 826 2712 ἀπιστίας

246 2729 419 2811 Βλοίστῆμα
443 2730 567 2810 μιαρὸν·
593 2726 628 2790 ἀν
651 2729 679 2792 δ’
703 2730 832 2812 ἀχαϊκδν
854 2729 928 2813 δόρυ

162 2859 163 2869 ,
247 2815 397 2895 Γλώσσῆς
415 2812 532 2894 δερίζοι
556 2813 675 2895 φοινίας
698 2814 804 2895 ἐναγὲς
824 2815 915 2897 κάρα,

162 2902 163 2905 ’
247 2900 289 2963 Σδ
315 2897 343 2960 δ’
370 2894 409 2960 αὖ
433 2893 527 2982 βιῳῆς
548 2901 609 2964 σῶς
629 2898 660 2959 ἐν
685 2897 809 2961 εὐεστοῖ
827 2900 926 2982 φίλος.

162 3042 163 3049 ,
248 2983 326 3048 Θεὸν
352 2983 405 3065 μὲν
431 2983 506 3044 αἰτῶ
531 2982 586 3063 σῆς
608 2983 789 3064 ἀπαλλαγὴν
813 2982 918 3060 νόσου,

247 3067 386 3150 Πυρετοῦ
409 3089 441 3128 τε
464 3066 546 3149 λῆξιν
567 3069 619 3129 καί
642 3074 752 3133 κακῶν,
768 3068 978 3152 ἀποστροφὴν,

242 3152 350 3238 Ἔχεις
373 3151 408 3213 δὲ
428 3150 549 3213 πλουδυ
570 3153 634 3214 είαν
657 3152 709 3235 ἠδ’
731 3152 904 3235 εὐπραξίαν.

240 3235 348 3322 Ἥρως
369 3259 402 3300 τε
424 3236 529 3320 χαίροι
551 3175 729 3303 λαστανεδς
745 3237 902 3323 Ἀβέννιος

243 3323 366 3391 Ἀωτος
389 3321 482 3406 ἄκρος
503 3320 658 3402 εὐγενείας
680 3318 838 3404 Κελτικῆς.
944 3395 948 3412 Ι

268 3507 319 3565 ⁵1.
344 3505 536 3578 'Inscriptum
561 3503 649 3578 Operi
670 3504 706 3558 de
723 3501 935 3558 Ειαοτιάοιίοιιο
957 3500 1134 3574 Temporum.

250 3585 289 3649 Σὲ
309 3590 361 3650 τὸν
383 3583 524 3648 παθόντα
546 3583 600 3651 τὰς
619 3583 844 3667 χρονογροίφων
865 3579 984 3664 φθορὰς

252 3671 377 3755 ἔστησεν
399 3673 442 3738 εἰς
463 3670 496 3732 τδ
517 3670 643 3731 κάλλιον
666 3668 783 3752 χάρτης
806 3664 869 3728 ὅδε.

253 3756 286 3820 σὺ
310 3758 341 3819 δ’
366 3757 397 3818 οἱ
417 3757 470 3822 δδς
493 3751 580 3820 αὖθις
599 3753 689 3835 αἰανῆ
710 3748 822 3835 χρόνον
845 3745 958 3833 Χρόνε.
