3059 4492
716 461 868 556 ffi-

380 625 457 710 ὀρδὴ
481 626 599 695 παστὰς
623 625 708 690 ἐοῦο’
734 626 792 690 οὐκ
815 625 850 689 ἂν
873 625 972 696 ἔδειξε
992 624 1096 693 θεοὺς.

247 780 250 789 ’
337 798 367 870 8,
376 797 427 857 68.
450 792 483 862 δς
504 799 557 857 τοῦ
580 790 742 878 Κορκύρης
763 792 798 878 όρ
822 815 886 870 ους,
902 790 1058 870 Ἐντελλε,
1080 794 1232 877 τυράννου

380 877 454 955 εἶδε,
476 877 634 962 προτιμῴη
657 880 708 941 τδν
734 881 786 942 σδν
800 817 981 941 >ἐνοικίδιυν.

336 961 517 1047 πορφυρέας
537 961 587 1024 ἵνα
612 965 651 1046 μὴ
679 962 837 1048 σταφυλὰς
857 962 936 1025 κατὰ
955 965 1074 1047 πάχνος
1095 961 1201 1045 ἰάπτη,

379 1047 430 1109 καὶ
450 1051 549 1132 ψύχος
571 1044 697 1132 Βάκχου
720 1049 760 1130 μη
782 1048 874 1129 γάνος
894 1046 954 1128 ἡδύ
981 1049 1072 1129 δάκη,

338 1135 378 1215 ζη
398 1131 512 1216 τοίχοις
535 1128 712 1216 ἔμφρουρος
735 1131 767 1193 ἐν
791 1131 953 1194 ύελινοῖσιν
977 1131 1097 1214 ὀπώρη,

379 1215 523 1278 κεύθεται
544 1216 714 1298 εὐδαίμων,
736 1215 808 1278 ούτε
829 1214 955 1299 λέληδε,
979 1213 1097 1301 βότρυς.

337 1300 420 1362 ούτω
443 1301 523 1362 λιτὸν
549 1300 627 1384 ύφυς
650 1299 806 1383 διαφαίνει
827 1305 934 1385 χρῶτα
957 1299 1109 1381 γυναικός,

329 1440 331 1445 .
380 1385 479 1452 υύτως
503 1383 632 1468 ἐκκρίνει
654 1389 758 1468 ψῆφον
782 1383 948 1468 ἀκραιφνὲς
969 1383 1065 1466 ὕδωρ.

336 1469 387 1531 καὶ
409 1468 439 1530 τί
459 1467 632 1552 άτόλμητον
655 1467 795 1553 βροτέαις
819 1469 908 1553 φύσις
929 1467 1015 1531 ε’ίασε
1035 1466 1177 1551 τέχναιςς

379 1550 509 1616 είδιοται
531 1555 649 1638 χειμών
673 1557 791 1637 οτεῖρος
804 1553 1036 1638 Ὶδττωρυιρυρεῖν.

341 1723 441 1796 12,31.
453 1719 533 1783 τοῦτ’
543 1720 647 1796 ἄλσος,
656 1725 765 1804 κρῆναι
778 1743 821 1797 τε,
829 1721 1040 1805 καὶὴμερίδων
1050 1717 1113 1783 τόδ’
1121 1719 1253 1804 ύφασμα

382 1803 501 1868 εὔσκιον
524 1807 545 1890 ἦ
565 1803 597 1866 τ)
621 1805 714 1889 ἐλατὴ
739 1805 852 1889 ῥύακος
874 1803 1024 1890 ὑδροχόη,

337 1890 388 1955 καὶ
410 1892 534 1972 λειμὼν,
555 1891 606 1952 καὶ
631 1887 757 1975 Παιστιγῖ
781 1890 931 1975 ἐρίζοντες
954 1891 1116 1973 ρυδεώνες,

379 1975 501 2060 χείματι
523 1975 550 2036 τ’
573 1973 608 2037 ού
638 1974 739 2057 ῥιγοῦν
757 1975 910 2058 τηλεθάον
934 1975 1082 2057 λάχανον,

339 2059 468 2145 ἔγχελυς
491 2059 522 2121 ἐν
543 2063 712 2140 στεγανοῖοι
732 2058 960 2123 τιθασσεύουοα
979 2057 1157 2142 κολύμβοις,

380 2145 401 2228 ἤ
423 2143 452 2205 τ’
475 2143 573 2225 ὄρνεις
595 2144 687 2226 λευκὴ
711 2144 813 2228 τύρσις
833 2141 942 2227 ἔχουσ’
962 2141 1130 2228 ὁμόχρους,

338 2226 526 2313 Μαρκέλλης
552 2229 626 2312 δῶρ’
653 2227 725 2292 ἐστί.
757 2226 830 2312 μέθ’
855 2227 1032 2332 ἑβδομάδας
1053 2226 1253 2310 λυκαβάντων
1375 2312 1376 2317 ¹

380 2311 470 2374 πέντε
493 2335 544 2394 μοι
567 2312 728 2398 ἐρχομένῳ
753 2312 844 2396 μικρὰ
868 2312 924 2374 τάδ
962 2311 1034 2374 οἰκί’
1059 2309 1132 2376 ἔδω.
1375 2340 1376 2343 “

591 2399 599 2417 Ι

340 2396 371 2460 εί
385 2420 437 2481 μοι
458 2395 622 2468 Ναυοικαα
644 2397 791 2482 πατρίους
814 2396 974 2480 ἐχαρίζετο
996 2397 1124 2480 κήπους,

380 2481 464 2544 εἶπον
487 2479 522 2544 ἂν
542 2480 705 2566 Ἀλκινόῳ,
725 2481 837 2544 τούσδε
859 2479 1076 2565 προαιρέομαι.

338 2653 426 2725 4,44.
448 2646 582 2754 Βέσβιος
604 2648 682 2710 ἐστὶν
704 2648 754 2711 ὅδ’
769 2648 836 2733 ἄρτι
855 2651 1017 2718 κατάσκιος
1037 2649 1255 2714 οἰνοπέδοισιν.

383 2735 446 2796 ώδε
468 2755 560 2816 τρυγη
582 2732 695 2814 ληνοὺς
715 2735 826 2796 κλϋσεν
848 2734 1049 2819 ἐυστάφυλος.

337 2817 426 2881 ταῦτ)
451 2817 517 2902 όρε’
541 2818 560 2901 ἢ
584 2813 710 2879 Νύσσαν
730 2816 810 2880 πολὺ
836 2821 951 2899 μᾶλλον
982 2819 1092 2903 φιλατο
1114 2814 1255 2904 Βάκχος.

381 2902 411 2965 ἐν
435 2901 525 2986 λόφῳ
544 2900 581 2986 ἦν
600 2900 746 2983 Σατύρων
767 2903 848 2986 τῷδε
868 2903 1066 2987 χοροστασίη.

337 2984 493 3072 Κύπριδος
515 2984 552 3069 ἦν
574 2985 642 3050 τόδ’
657 2985 727 3052 ἕδος
750 2986 830 3048 πολὺ
845 2988 987 3072 φιλτερον
1000 2988 1020 3071 ἢ
1035 2987 1256 3071 Λακεδαίμων,

380 3077 486 3157 χῶρος
511 3069 559 3134 ὅδ’
578 3068 772 3155 Ἡρακλέους
790 3070 919 3154 κληίζετ’
941 3072 1119 3156 ἐπωνυμίη.-

336 3158 435 3220 πάντα
459 3155 491 3218 δ’
514 3156 572 3219 ύπδ
595 3156 709 3238 σποδιῇ
731 3156 825 3239 φλογί
846 3157 874 3217 τ’
896 3155 1026 3240 ἤμυσεν,
1049 3156 1069 3240 ἦ
1092 3157 1130 3241 ρὰ
1153 3154 1256 3220 ἔπεισι

378 3241 518 3304 τοιούτου
541 3240 658 3308 πάθεος
680 3241 731 3302 καὶ
753 3241 899 3322 μετάνοια
921 3241 1016 3310 θεοῖς.

462 3431 488 3472 ε.
511 3405 721 3472 ΕΠΙΤΑΦΙΑ.
743 3405 815 3472 ΚΑΙ
838 3406 903 3473 ΕΙΣ
926 3405 1127 3473 ΝΒΚΡΟΥΣ.
1375 3476 1376 3487 ,

337 3495 367 3568 7,
376 3495 427 3558 96.
450 3493 604 3576 ἀλγυούνη
617 3490 745 3556 Βάσσου
757 3497 829 3561 παῖς
843 3491 889 3557 Ού
911 3496 995 3579 βικος
1011 3495 1123 3557 ἐνδάδε
1138 3498 1255 3578 κεῖμαι,
1375 3562 1376 3571 ,

378 3576 514 3658 τοῦνομα
536 3577 580 3662 τῷ
597 3573 707 3660 Ῥώμη
730 3579 782 3641 καὶ
804 3580 837 3642 τδ
860 3517 1006 3659 γόίιεδλον
1030 3577 1103 3642 ἔδω.

337 3659 369 3732 ἐξ
390 3665 450 3744 μού
473 3665 511 3742 τῇ
533 3664 640 3743 πρώτη
661 3663 824 3745 τριετηρίδι
846 3664 940 3743 μῆνες
963 3663 1098 3746 ἀπῆσαν,
