3059 4492
773 451 834 512 250

347 616 397 682 ΙΔ.
425 614 483 680 Ἤν
502 638 546 684 τις
568 614 595 677 α’
621 613 785 695 αἰνέσσειε,
811 617 846 680 σθ
868 616 970 699 γίγνου
997 617 1061 677 σἐῖο
1088 614 1245 697 δικαστίγς.

433 698 486 784 Μὴ
508 698 629 763 πίστευ’
655 698 762 770 ἄλλοις
780 703 849 786 περὶ
873 704 929 763 σοῦ
946 698 1053 776 πλέον,
1073 698 1112 782 ἠὲ
1128 703 1267 783 σεαυτιγῦ.

349 782 399 848 ΙΕ.
435 782 497 868 Τὴν
522 784 699 868 εὐεργεσίγν
725 787 829 850 ἄλλων
852 786 895 848 ἐνί
914 784 1036 846 πλείοσι
1056 782 1195 866 θρόλλει.

291 873 294 882 ’
425 867 484 932 Ἢν
506 868 541 932 δέ
562 892 590 931 τι
612 869 684 937 τοὺς
704 870 820 940 ἄλλους
839 869 874 934 εὖ
893 870 997 952 έρδγγς,
1019 871 1114 930 κεῦθε
1135 870 1254 952 σιωπῇ.

349 952 391 1024 le.
433 951 543 1018 Πολλὰ
553 952 652 1038 γέρων
662 957 786 1018 πολλῶν
801 952 994 1039 μεμνημένος
1009 950 1083 1036 ἔργα
1096 951 1266 1033 λόγουςτε,

432 1035 606 1106 Ἐνδυκέως
631 1038 769 1123 μέμνησο
791 1041 886 1124 τάπερ
910 1037 979 1105 νέος
996 1037 1039 1101 ὤν
1055 1035 1128 1098 ποτ’
1142 1034 1267 1120 ἔοργας.

349 1118 398 1184 ΙΖ.
431 1120 494 1186 Τοῦ
515 1122 654 1206 κρυφίως
670 1125 710 1208 μή
733 1148 782 1186 σοι
796 1124 916 1207 μελέτω
928 1122 985 1184 τινὶ
1000 1123 1265 1203 κοινολογοῦντος.

434 1205 498 1270 Πᾶν
522 1207 625 1289 όφοροῖ
637 1209 711 1276 κάθ’
725 1210 849 1285 ἑαυτοῦ,
865 1208 899 1277 θς
910 1207 996 1291 αὐτῷ
1009 1207 1115 1290 φαῦλα
1129 1205 1266 1268 σύνοιδε.

350 1286 404 1351 ΙΗ.
432 1289 486 1354 Ἔν
505 1295 571 1359 ταῖς
590 1269 744 1377 εότυχίαις
765 1294 804 1356 τὰ
826 1292 921 1377 τύχης
941 1289 1119 1436 ἑτερόρροπ’
1144 1288 1252 1352 άλευε.

434 1370 514 1458 Οὐχὶ
535 1375 573 1438 τὰ
591 1376 703 1439 λοίσθι’
719 1379 768 1440 ἀεὶ
790 1381 853 1445 τοῖς
873 1379 1006 1461 πρώτοις
1045 1374 1090 1436 στί
1113 1375 1251 1459 συνῳδά.

348 1454 400 1520 ΙΘ.
433 1455 506 1540 Εἴγε
530 1460 725 1541 μινυνθάδιος
744 1463 809 1545 βίος
832 1462 895 1524 ἐστὶ
917 1461 968 1523 καὶ
990 1458 1120 1526 ἄστυτος
1140 1459 1245 1540 ἡμῶν,

430 1539 483 1605 Ἐν
507 1542 595 1628 μόρῳ
616 1545 769 1630 ἀλλοτρίῳ
788 1547 841 1628 τὴν
856 1547 966 1608 ἐλπίδα
987 1548 1044 1606 σοῦ
1061 1543 1101 1626 μὴ
1118 1543 1265 1625 ἀναρτᾷν.

348 1622 387 1690 Κ.
432 1623 475 1690 Εἴ
487 1650 514 1688 τι
539 1651 586 1690 σοι
608 1629 755 1698 ἀκτέανος
778 1631 867 1714 φιλος
889 1630 1012 1697 εὐτελὲς
1028 1629 1136 1691 ὤπασε
1150 1628 1265 1710 δῶρον,

433 1710 588 1795 Δέχνυσαι
603 1713 770 1797 εὐμενέως,
778 1716 829 1777 καὶ
843 1715 1002 1778 ἐπαίνεσον
1017 1711 1147 1796 εὔφρονι
1160 1711 1265 1794 θυμῷ.

330 1851 331 1854 ,
351 1790 420 1856 ΚΑ.
433 1791 476 1858 Εί
493 1819 526 1858 σε
548 1802 680 1860 τεκοῦσα
697 1798 906 1882 φόσιςγυμνδν
915 1799 1035 1906 γλρέφος
1046 1796 1102 1881 ἦγε
1116 1795 1204 1880 φόως
1220 1795 1266 1869 δὲ,

364 1957 375 1968 ,
435 1876 497 1962 Τῆς
520 1881 739 1986 ἀχρημοσύνης
762 1883 861 1968 ἄχθος
884 1907 961 1969 φερε
981 1905 1021 1945 κα
1041 1880 1235 1964 τεροθόμως.

349 1957 416 2024 RB.
432 1961 484 2048 Μὴ
505 1989 635 2050 τρεσσιρς
657 1969 710 2050 τὴν
730 1973 811 2053 κῆρα
827 1969 893 2052 βίου
908 1905 1144 2070 πέραςέρσχατον
1157 1962 1265 2026 οὖσαν.

426 2044 533 2119 Ὅστις
553 2055 634 2133 κῆρα
656 2051 788 2129 δέδοικε,
812 2054 863 2115 καὶ
884 2053 900 2116 θ
923 2057 962 2136 ζῇ
983 2056 1054 2114 τοῦτ
1081 2049 1266 2134 ἀποβάλλει

350 2128 413 2194 ΚΓ.
434 2129 477 2196 Εί
494 2158 520 2197 τι
541 2135 650 2198 παθὼν
672 2138 733 2200 ἀπὸ
757 2143 810 2203 σεῦ
833 2136 951 2218 ἀγαθόν
964 2159 1007 2204 τις
1023 2137 1065 2218 μὴ
1079 2135 1169 2219 χάριν
1188 2132 1267 2208 οἶδε,

436 2215 489 2300 Μὴ
511 2219 620 2282 τοότου
647 2221 783 2306 μέμφοιο
808 2222 893 2293 θεὸν,
918 2223 951 2284 σὲ
971 2222 1006 2284 δὲ
1028 2225 1109 2282 τῖσον
1134 2216 1258 2280 ἑαυτόν.

350 2297 415 2364 ΚΔ.
430 2296 535 2387 Ὄφρα
547 2305 588 2387 μὴ
601 2305 727 2390 ἐλλείπῃ
740 2308 771 2368 τί
780 2307 968 2391 σε,χρήμασι
983 2302 1176 2391 φειδομένως
1187 2306 1267 2386 χρῶ,
1314 2333 1319 2343 ·

435 2383 478 2448 X'
503 2390 713 2473 ὡςτηργῖςτά
736 2391 855 2465 ἐνόντα,
880 2394 977 2453 λιπεῖν
1002 2390 1053 2452 ἀεί
1069 2412 1099 2451 ιτι
1124 2386 1244 2468 νόμιζε.

350 2464 416 2534 ΚΕ.
428 2466 515 2534 Ὅττι
527 2472 602 2558 δόνγγ
618 2475 1002 2559 παραχρῆμαδόμεν,τόδε
1010 2475 1051 2557 μὴ
1059 2475 1104 2541 δὶς
1114 2472 1267 2556 ὑπόσχου,

435 2553 488 2639 Μίγ
510 2557 673 2628 κενόδοξος
695 2557 749 2643 ἔγγς
770 2559 889 2622 ἐθέλων
910 2558 1071 2644 φιλότιμος
1092 2555 1229 2620 ἀκοόειν.

350 2633 409 2705 Kc·
434 2635 495 2702 Τόν
512 2665 558 2703 σοι
570 2642 691 2706 πλαστὰ
699 2647 854 2707 λαλοῦντα
866 2645 918 2707 καὶ
931 2643 968 2706 οῦ
984 2665 1031 2704 σοι
1041 2641 1265 2725 κηρόθιπιστδν

430 2721 567 2807 ’Έμπαλι
582 2733 675 2810 μιμοῦ
689 2729 740 2790 καὶ
750 2729 797 2791 σό.
818 2729 901 2812 δόλῳ
918 2727 1010 2795 δόλος
1021 2728 1085 2790 ὧδε
1099 2729 1266 2809 κρατεῖται.

349 2801 414 2868 KZ.
435 2806 565 2893 Ἀνέρας
587 2812 748 2892 αἱμυλίους
764 2814 815 2876 καὶ
837 2811 1067 2897 χρηστολόγους
1080 2811 1121 2893 μὴ
1137 2810 1266 2872 ἐπαίνει.

366 2969 375 2989 ‚
434 2890 474 2954 ‘H
497 2893 598 2977 σόριγΕ
619 2895 685 2977 λιγὺ
711 2895 830 2979 μέλπει,
853 2896 990 2967 ὅτ’ίξεδς
1011 2896 1105 2979 ὄρνεα
1127 2893 1245 2977 θέλγει.

350 2969 483 3039 ΙιΗ.”Ην
509 2981 673 3048 σοιπαῖδες
689 2979 774 3057 ἔωσι,
782 2983 833 3045 καὶ
845 2982 902 3045 οὐκ
918 2981 1042 3066 ἄφενος,
1058 2980 1093 3042 σὺ
1111 2980 1145 3043 δὲ
1158 2979 1266 3047 τοόςδε

365 3139 374 3152 .
434 3058 609 3140 Παιδεόειν,
632 3064 671 3126 ἵν’
694 3063 807 3150 ἔχωσιν
831 3068 977 3150 ἀκλήρων
1000 3065 1085 3149 ἦμαρ
1107 3066 1266 3127 ἀλαλκεῖν.

349 3140 416 3206 ΚΘ.
437 3142 588 3217 Τυύτελὲς
611 3147 741 3233 ἔντιμον,
763 3154 798 3215 τό
820 3152 855 3214 δὲ
878 3151 976 3233 τίμιον
1000 3149 1124 3217 εὐτελὲς
1144 3150 1236 3231 ἡγοῦ.

436 3228 544 3301 Οὕτως
565 3234 601 3296 οὐ
624 3236 746 3320 φαίνοιο
770 3236 967 3320 φιλάργυρος,
988 3234 1063 3298 οῦδὲ
1084 3233 1120 3296 σὺ
1134 3234 1246 3317 κίμβιξ.

349 3312 384 3373 Λ.
431 3314 483 3401 Μὴ
512 3317 597 3401 ρέΕον
620 3320 646 3382 τὶ
674 3319 752 3382 σέων
778 3319 952 3401 εἰθισμένος
974 3319 1040 3381 ἐσσὶ
1061 3319 1207 3389 κακίζειν.

435 3401 570 3486 Αίσχρδν
580 3405 724 3488 ὑφηγητῇ
739 3403 765 3466 δ’
777 3404 823 3467 ὅτ’
839 3403 999 3488 ἐλέγχεται
1009 3402 1100 3470 αὐτὸς
1110 3403 1266 3486 ἁμαρτών.
1334 3417 1337 3424 ’

349 3479 414 3544 ΛΑ.
433 3483 564 3568 Αίτησαι
583 3491 616 3552 τὸ
642 3489 758 3551 δίκαιον
784 3489 848 3564 ἐὸν,
869 3487 903 3552 τό
926 3511 960 3550 τε
979 3485 1068 3571 καλῷ
1092 3486 1204 3556 ἐοικός.
1309 3529 1314 3536 -

433 3568 562 3640 Αίτίζειν
587 3571 618 3634 δ’
637 3573 769 3656 ἀμαθὲς,
793 3573 827 3636 τό
849 3571 879 3634 τ’
891 3572 1063 3655 ἀνήνασθαι
1075 3570 1165 3655 θέμις
1177 3569 1266 3634 ἐστίν.

349 3647 414 3714 ΑΒ.
433 3649 485 3735 Μὴ
509 3661 646 3736 γνωστοῦ
675 3657 796 3740 ἀγνῶτα
818 3658 1069 3740 προτιμήσασθαι
1087 3656 1223 3740 ἑταίρου.
