3059 4492
700 487 856 587 „Q-

334 653 406 714 Tibi
427 654 507 728 dico,
531 661 637 732 captae
657 653 916 714 matrisancillae
938 675 1043 732 genus.

334 739 471 817 Ingenua
486 740 567 815 quod
589 740 615 799 si
637 740 813 799 sustulisset
834 746 865 796 te
884 759 1006 814 parens,

258 822 325 877 1230
335 825 488 901 Quantum
510 832 654 898 tumeres,
675 832 764 900 teque
788 823 903 883 celsum
925 825 1092 898 attolleres,

335 908 411 968 Cum
428 909 529 986 litiges
555 909 639 968 nulla
661 910 693 967 in
714 929 757 981 re,
781 910 874 967 homo
897 909 973 966 nulli
995 911 1061 968 rei?

334 994 466 1054 Venisse
484 1013 541 1052 nec
562 1013 621 1053 uos
644 991 1006 1069 classirectores,‘neque

333 1079 436 1138 Duces
458 1080 619 1153 Achivum,
640 1079 833 1137 iureiurando
853 1086 1002 1138 autumas.

335 1162 397 1224 Sed
418 1165 492 1222 iuris
509 1165 603 1237 Aiax,
626 1172 659 1221 ut
677 1165 804 1241 probas,
827 1164 911 1221 venit
929 1165 990 1222 sui:

259 1251 325 1306 1235
334 1251 384 1309 An
407 1250 469 1307 ista
484 1250 532 1308 ins
553 1257 600 1308 est
622 1249 702 1306 dicta
725 1266 828 1308 servos
846 1247 1011 1324 proloqui?

332 1333 407 1407 Quis
427 1333 490 1406 ille,
512 1334 559 1392 cui
582 1341 625 1407 tu,
647 1341 731 1392 tanta
752 1332 937 1405 vociferans,
958 1332 1086 1392 studes?

311 1491 313 1496 ,
334 1419 403 1494 Quo
430 1419 554 1476 contulit
574 1419 695 1495 pedem,
717 1419 771 1476 ubi
791 1417 884 1490 stetit,
903 1418 957 1475 ubi
977 1426 1009 1475 et
1030 1438 1092 1476 nou
1114 1421 1194 1496 ego?

264 1567 266 1572 ,
333 1505 383 1563 An
403 1511 524 1580 praeter
544 1503 641 1576 illum,
662 1503 778 1561 nullum
802 1502 916 1560 habent
937 1501 1048 1561 Graeci
1069 1505 1189 1563 virum?

333 1588 425 1664 Ergo,
448 1596 482 1645 ut
501 1588 647 1660 videmur,
668 1589 773 1663 iniqua
795 1587 1051 1665 promulgavimus

259 1674 326 1728 1240
335 1675 497 1732 Armorum
519 1672 647 1731 Achillis
669 1673 789 1748 publice
812 1673 987 1745 certamina,

337 1755 371 1817 Si
390 1757 508 1815 Teucer
531 1764 570 1814 et
582 1776 639 1816 nos
663 1777 715 1816 ore
737 1757 890 1816 convincit
909 1757 1024 1816 malos:

334 1841 402 1900 Nec
425 1849 473 1901 sat
492 1843 660 1918 probantur
678 1843 732 1900 illa
756 1862 795 1899 ne
818 1842 906 1900 victis
925 1842 1057 1916 quidem,

335 1925 403 1984 Hac
424 1934 515 2001 stare,
539 1946 599 2002 qua
619 1934 662 1984 tot
681 1947 827 1986 censuere
850 1926 979 1985 iudicesr

334 2011 447 2070 Verum
466 2013 587 2089 probris
610 2031 664 2070 nos
684 2013 817 2087 undique
837 2011 1012 2070 incilabitis.

258 2099 325 2152 1245
334 2097 450 2155 Furtim
472 2105 524 2155 aut
544 2097 665 2173 petetis,
689 2098 816 2173 impotes
840 2096 996 2154 victoriae.

334 2181 409 2241 Istis
430 2183 468 2240 ab
491 2182 601 2241 animis
624 2182 817 2258 moribusque
837 2180 950 2240 eimodi
1080 2184 1082 2187 ’

334 2266 499 2343 Nunquam
522 2274 677 2326 asseretur
696 2267 817 2344 legibus
836 2284 909 2325 suns
927 2273 1035 2338 status,

307 2426 309 2430 Ι
337 2349 371 2411 si
391 2352 548 2429 exigemus
571 2353 635 2410 iure
656 2353 812 2410 vincentes
832 2351 913 2423 loco,

334 2436 374 2494 Et
395 2437 620 2514 postputandos
646 2444 716 2494 ante
737 2435 963 2494 collocabimus.

259 2520 326 2575 1250
337 2519 399 2580 Sed
416 2521 652 2599 comprimenda.
676 2523 751 2579 haec
773 2540 836 2579 non
856 2519 999 2577 lacertosi
1019 2519 1087 2592 viri,

334 2605 491 2681 Vastaque
513 2607 620 2664 virium
638 2606 763 2681 impetu,
784 2606 807 2662 ii
829 2604 995 2663 tutissnmi:
1077 2603 1089 2619 Χ

335 2687 398 2750 Sed
420 2691 531 2765 ubique
551 2691 685 2763 vincunt,
709 2697 809 2747 mente
832 2690 883 2764 qui
904 2709 980 2749 sana
1002 2688 1112 2746 cluent.

317 2773 447 2851 .Flagro
467 2774 668 2834 admonentur
685 2775 802 2851 pollnlo
821 2775 949 2851 glebarii

334 2858 438 2916 Validi
457 2859 573 2918 triones
594 2867 709 2917 rectum
729 2859 820 2918 itiner
839 2860 992 2931 insistere,

258 2942 394 3006 12550ui
414 2945 534 3022 generis
557 2946 589 3003 in
612 2952 642 3002 te
664 2944 829 3002 remedium
849 2945 939 3002 video
963 2944 1022 3001 cito

334 3030 496 3106 Expetere,
519 3030 551 3087 ni
574 3037 604 3087 te
625 3048 734 3106 sapere
755 3029 896 3106 postules
917 3029 1005 3086 bene.

334 3113 393 3186 Qui
415 3123 505 3174 natus
527 3114 593 3188 illo,
616 3115 667 3192 qui
687 3115 796 3172 umbra
813 3114 926 3186 inanis,
948 3134 1014 3172 nou·
1030 3108 1077 3166 vir
1096 3117 1157 3179 est,

335 3197 439 3258 Gestis
459 3201 593 3277 petulce,
613 3199 745 3274 loqueris
768 3207 799 3257 et
819 3199 1008 3274 proterviter.

334 3282 409 3342 Non
427 3302 536 3361 sapere
559 3284 683 3343 disces?
701 3303 764 3342 non
786 3291 908 3342 tuorum
930 3284 1070 3343 conscius

258 3373 326 3428 troo
334 3367 502 3443 Nautium,
523 3361 678 3429 hominem
700 3368 830 3426 liberum
849 3368 982 3427 adduces
1003 3369 1088 3438 mihi,

336 3452 514 3512 Orationem
538 3456 589 3530 qui
615 3454 698 3511 dabit
718 3461 801 3511 tuam
822 3453 940 3512 vicem?

333 3535 416 3595 Nam
438 3546 468 3596 te
488 3538 633 3614 loquente
653 3539 734 3596 dicta
756 3558 805 3596 me
826 3539 978 3596 incertant
997 3545 1059 3609 tna,

333 3621 377 3681 Ut
397 3623 448 3697 qui
468 3622 623 3699 loquelam
643 3623 804 3682 barbaram
824 3623 906 3680 hand
926 3622 1112 3698 intellegam.

311 3705 390 3766 'Ob
425 3707 715 3783 Utrique-vestrum
736 3708 789 3766 Dii
812 3708 924 3767 bonam
948 3715 1081 3766 mentem
1102 3707 1197 3770 duint.
