3059 4492
763 479 826 539 396

339 648 379 709 55
512 706 514 714 ,
559 645 703 705 Adonidis
725 650 866 724 suffimen,
887 659 1029 707 aromata.
1114 649 1117 658 '

338 734 385 792 Te
408 733 492 791 vario
515 733 651 792 obtestor
679 734 734 791 sub
758 735 884 792 nomine
903 733 963 792 Die
985 732 1125 808 Camillo,

338 818 564 890 Mollicomaus,
585 825 615 875 et
636 817 795 891 vasticola,
818 826 907 894 atque
928 818 1081 894 leporibus
1105 839 1232 898 augens,

338 902 443 963 Conse
463 902 559 973 Deus,
582 901 738 974 Volturne,
763 903 937 962 alimentum
961 905 1065 962 nobile
1086 925 1220 980 rerum,

338 989 433 1061 Pasa,
456 1007 542 1070 puer,
569 987 683 1046 cunctis
705 987 892 1047 viridescens
920 1008 1040 1064 semper
1058 989 1190 1065 Adonis,

339 1073 469 1145 Occasn,
492 1080 522 1130 ct
539 1072 671 1130 redivive
695 1074 783 1132 statis
804 1075 993 1132 vortentibus
1013 1075 1113 1147 anuis,

238 1209 239 1212 ,
339 1157 469 1235 Semper
487 1157 599 1240 adulte,
622 1157 763 1231 bicornis,
787 1159 929 1232 omabili’,
950 1159 1168 1233 lacrumiculte,

337 1243 481 1316 Pulcher,
503 1250 613 1301 venatu
635 1242 782 1319 gaudens,
805 1243 1071 1319 promissicapille,

337 1328 461 1402 Vinule,
484 1327 635 1385 corculum
657 1347 785 1385 amenas
808 1327 919 1402 Divae,
942 1347 1066 1406 germen
1089 1329 1216 1401 amoris,

338 1412 435 1487 Quem
457 1413 539 1471 bona
562 1412 809 1488 polchricomans
832 1414 1017 1488 Proserpina
1037 1412 1099 1470 Dia
1121 1414 1242 1489 punivit,

340 1498 533 1559 Omnimodis
558 1498 609 1573 qui
631 1517 711 1555 nnnc
732 1497 848 1556 habitat
870 1517 923 1574 per
944 1507 1058 1556 tartara
1081 1499 1185 1569 furva3

340 1583 386 1641 Te
409 1602 528 1641 rursum
547 1579 632 1640 caelo
652 1583 782 1640 reddens
804 1591 1015 1660 tempestaque
1037 1585 1185 1656 membra,

339 1668 408 1726 Huc
427 1669 470 1727 sis
492 1667 664 1726 flaminibus
685 1666 836 1726 deducens
859 1669 996 1746 germina
1017 1678 1126 1726 terrae.

341 1838 382 1897 56
417 1837 559 1896 Mercurii
571 1837 742 1895 Tellnmooie
757 1836 909 1896 Summani
922 1839 1062 1914 suffimen,
1075 1847 1228 1896 storacem.

340 1923 401 1999 Qui
422 1923 499 1981 colis
521 1925 717 1980 Amsanctum
741 1930 771 1980 et
793 1923 873 1980 viam
896 1923 1116 1981 inexorabilem
1127 1923 1252 1996 Averni,

339 2008 558 2082 Pallentesque
584 2007 700 2065 animas
723 2009 778 2065 sub
802 2007 902 2066 tristia
922 2016 1036 2065 tartara
1056 2008 1151 2066 mittis

339 2093 492 2165 Tellumo,
511 2092 620 2150 lascivi
639 2092 729 2167 ¹patri'
749 2092 853 2150 Liberi
875 2093 998 2151 alumna
1019 2112 1170 2170 propago,

338 2181 437 2253 Atque
457 2177 635 2236 Venustatis
655 2177 757 2250 Divai,
779 2177 908 2236 Muttine
931 2197 1068 2250 amenas,

340 2263 402 2341 Qui
422 2282 478 2340 per
494 2262 656 2320 Larundae
681 2263 815 2321 sacraria
837 2271 942 2321 sancta
961 2263 1095 2341 vagaris,

338 2351 508 2426 Aegrorum
529 2348 692 2405 Lemurum
714 2348 770 2404 sub
791 2355 883 2421 terra,
908 2343 1036 2407 accense
1057 2349 1168 2420 viator,

338 2428 463 2492 Ducena
485 2451 552 2490 cum
575 2433 659 2490 stetit
681 2432 735 2490 illa
761 2431 827 2490 dies
848 2452 913 2508 qua·
928 2436 1030 2492 Morta
1047 2433 1173 2510 profata
1195 2442 1253 2505 est;
1353 2500 1354 2505 ἵ

339 2516 505 2596 Sagminea
525 2518 598 2574 rude
619 2515 679 2574 Die
699 2518 846 2593 soporiier
863 2520 965 2576 omnia
985 2519 1133 2591 mulcens,

338 2604 470 2662 Lumina
489 2604 561 2660 item
580 2603 690 2660 fallace
711 2603 849 2661 natantia
867 2613 965 2662 morte
987 2605 1159 2680 resignans.

340 2687 421 2764 (Hoc
443 2688 499 2745 tibi
519 2706 589 2744 nam
613 2687 757 2745 Larunda
780 2688 862 2755 dedit
882 2697 1023 2764 praetura
1043 2690 1076 2746 iu
1094 2692 1229 2762 Averna,

338 2773 480 2831 Manibus
505 2773 637 2830 aeternis
657 2773 830 2830 mortalium
852 2774 910 2830 iter
931 2771 1081 2850 comitari)

299 2885 302 2890 ¹
338 2857 527 2916 Fluminibus
550 2856 671 2915 tandem
696 2857 734 2914 da
755 2858 888 2917 faustum
909 2859 941 2917 in
961 2855 1045 2918 rebu'
1066 2858 1212 2916 laborem.

340 3028 380 3087 57
564 3025 715 3104 Cupidinis
736 3029 877 3103 suffimen,
898 3037 1041 3087 aromata.

338 3115 450 3191 Magne
471 3120 595 3170 vocate
618 3112 745 3188 purime,
768 3110 914 3187 amabili',
934 3112 1045 3171 blande
1066 3111 1199 3189 Cupido,

338 3198 531 3270 Arcitenens,
552 3198 616 3256 ales
638 3218 722 3274 puer,
745 3197 896 3275 ignivage,
918 3199 1032 3274 impete
1053 3198 1159 3272 velox,

339 3283 464 3341 Ludens
488 3301 555 3340 cum
578 3282 667 3342 Divis
690 3291 719 3340 et
742 3301 809 3341 cum
831 3278 1003 3342 mortalibu'
1023 3283 1126 3357 seclis,

340 3367 450 3441 Caute,
470 3367 599 3448 gemelle
621 3387 706 3444 puer,
729 3369 780 3442 qui
801 3371 977 3428 cunctorum
996 3367 1135 3428 aedituus
1159 3390 1205 3445 es,

341 3451 444 3512 Ocelei
453 3451 638 3527 atqueCovi,
646 3462 676 3511 et
685 3454 1168 3530 terrae,etMarisomnigenae,et
1178 3474 1253 3533 quae

339 3535 518 3595 Nutricatur
537 3537 623 3598 alens
648 3539 796 3614 spirantia
810 3539 1001 3617 frugipareus
1025 3538 1101 3615 Ops.

341 3619 486 3698 Quaeque
500 3625 674 3682 etAvernns
685 3642 757 3700 ager
768 3625 861 3701 genit,
869 3632 900 3681 et
910 3643 994 3682 mare
1004 3642 1157 3684 marmore
1163 3629 1252 3685 flavos

339 3704 422 3766 Nam
444 3713 618 3766 cunctorum
637 3710 746 3766 horum
768 3709 853 3768 solus
873 3709 1036 3775 moderari’
1054 3713 1207 3790 guberna3
