3059 4492
662 499 813 594 *st—1-

278 667 432 746 Ulangore
453 665 549 725 multo
570 666 752 728 horedulem
774 668 934 728 Budetiam

278 752 393 815 Ualens
412 751 540 828 rapinae
560 752 706 828 nuptialis
728 752 889 812 vindicem.

172 843 173 906 ξ
278 841 336 899 Ast
355 837 411 895 illa
436 836 532 915 signis
556 856 668 914 aspero
688 837 805 916 palatio

277 924 383 1002 Pupas
407 939 573 981 coruscans
595 922 722 982 caelitus
747 923 920 996 minabitur,

277 1010 383 1084 Lapsa
405 1026 444 1065 ex
464 1006 579 1065 lelanto
598 1007 689 1082 patrii
712 1009 775 1067 solo
797 1009 893 1082 Iovis,

276 1098 344 1154 Avo
362 1091 527 1170 imperanti
542 1092 657 1152 ‘nobilis
680 1094 848 1169 possessio.

278 1178 377 1240 Unius
398 1177 438 1236 ob
463 1179 576 1235 noxam
598 1178 674 1236 orba
694 1177 778 1236 mille
797 1179 927 1236 liberum

279 1262 430 1322 Tumuios
451 1261 558 1321 inanes
579 1271 782 1338 conqueretur
807 1262 939 1322 Graecia

278 1348 350 1409 Non
372 1348 405 1405 in
426 1347 585 1423 sepulcris,
608 1347 663 1406 sed
684 1349 777 1409 maris
796 1348 892 1407 fundo
912 1348 1000 1421 sitos,

279 1433 359 1511 Rogi
380 1450 556 1510 supremum
576 1439 797 1510 contegentes
819 1433 977 1509 pulverem

278 1518 373 1580 Urnis
395 1517 551 1589 latentem,
573 1526 606 1575 ut
625 1518 706 1576 iusta
727 1518 893 1577 donicalia:

280 1602 342 1664 Sed
365 1603 452 1661 triste
474 1621 597 1676 nomen,
620 1610 710 1678 atque
729 1604 880 1681 cespitum
902 1610 992 1663 notas

278 1689 445 1747 Parentum
467 1687 573 1746 amicis
595 1689 735 1766 irrigatas
759 1690 881 1748 fletibus

279 1775 320 1845 Et
335 1772 498 1832 liberorum
518 1771 661 1832 lacrumis
685 1781 716 1832 et
737 1774 910 1851 coniugum.

281 1857 426 1936 Ophelte,
449 1865 541 1933 tuque
563 1859 683 1934 rupium
705 1867 807 1918 custos
826 1859 937 1930 Zarax,

279 1944 462 2019 Petraeque,
485 1950 517 2000 tu
538 1943 700 2020 Trychata,
722 1951 814 2019 tuque
837 1962 929 2020 asper
950 1940 1073 2014 Nedon,

279 2030 319 2088 Et
342 2047 420 2088 saxa
437 2027 600 2104 Dirphossi
621 2029 723 2087 omnia
745 2037 776 2087 et
795 2027 953 2086 Diacrihm

281 2112 400 2191 Specus
421 2114 540 2172 hiantes
562 2122 651 2188 atque
673 2114 841 2191 Phorcynis
859 2114 940 2190 iuga,

281 2198 363 2272 Quot
383 2200 579 2257 fluctuantem
602 2199 709 2258 nenias
736 2199 915 2257 cadaverum

280 2283 358 2344 Cum
376 2284 533 2359 dissipatis
559 2284 688 2344 audietis
706 2284 875 2361 puppibus:

281 2369 435 2445 Quantum
457 2369 615 2427 tumultum
638 2388 822 2428 murmurum
843 2368 1038 2426 infraenabili

279 2453 532 2532 Reciprocantem
554 2455 702 2513 vorticum
724 2473 850 2531 spumas
872 2453 955 2512 salo:

281 2537 363 2613 Quot
387 2539 496 2597 deinde
515 2539 644 2598 thurinos
666 2540 762 2598 saucii
782 2537 980 2615 compagibus

280 2625 330 2684 Ad
352 2643 430 2684 saxa
452 2625 557 2687 fractis
583 2624 716 2697 verticis,
739 2643 818 2699 qnos
842 2623 970 2681 caelitus

279 2709 384 2769 Noctu
403 2711 546 2769 rubentes
569 2709 730 2768 manubiae
753 2709 883 2770 obstitos
906 2715 1055 2786 prement,
1078 2732 1080 2735 ·

280 2795 342 2855 Ubi
362 2794 434 2853 flore
453 2795 514 2853 iam
537 2795 731 2873 vertiginosis
752 2794 858 2853 Liberi

279 2879 410 2938 Lucebit
430 2879 561 2938 indicem
585 2882 778 2939 tenebrarum
797 2881 895 2938 facem

279 2965 369 3025 Ultor
391 2965 511 3024 nocenti
527 2965 658 3042 pervigil
680 2984 771 3024 curae
793 2965 930 3024 studens.

280 3052 323 3108 At
342 3050 421 3108 hunc
441 3058 474 3108 ut
493 3051 720 3109 amburvantem
744 3050 831 3125 aquis
854 3047 1023 3107 alcedinem

279 3135 343 3193 Per
364 3153 443 3193 saxa
461 3135 566 3209 iniqua
586 3135 708 3195 velitem
730 3137 839 3193 fluctus
860 3134 939 3191 feret

280 3223 390 3279 Actum
412 3219 557 3297 procellis
577 3221 746 3279 intereras
769 3219 916 3296 duplices.

282 3304 436 3382 Gyrisque
457 3306 575 3364 siccans
595 3307 627 3363 in
649 3307 744 3382 petris
767 3304 834 3365 alas
854 3302 931 3360 mari

279 3389 377 3449 Multo
398 3390 567 3464 madentes,
585 3391 713 3449 alterum
735 3410 820 3450 mare
841 3388 960 3447 hauriet

279 3475 454 3556 Perpessus
476 3475 554 3534 ictus
577 3495 596 3534 a
615 3476 745 3535 tridente
764 3475 895 3547 hiscine,

278 3559 351 3634 Qua
370 3559 451 3618 ultor
472 3561 557 3619 illum
579 3561 742 3620 vulnerans
770 3559 928 3637 operarius

279 3643 360 3706 (lum
384 3646 464 3705 orcis
487 3645 589 3724 adiget
609 3647 722 3706 habere
742 3662 932 3705 communem
953 3642 1069 3719 fugam,

279 3730 372 3792 Varro
394 3731 543 3790 cucullum
558 3731 747 3792 blattientem
765 3729 880 3808 pipulo.
