<?xml version="1.0" encoding="UTF-8"?>
<!DOCTYPE html PUBLIC "-//W3C//DTD XHTML 1.0 Transitional//EN"
    "http://www.w3.org/TR/xhtml1/DTD/xhtml1-transitional.dtd">
<html xmlns="http://www.w3.org/1999/xhtml" xml:lang="en" lang="en">
 <head>
  <title>
</title>
<meta http-equiv="Content-Type" content="text/html;charset=utf-8" />
  <meta name='ocr-system' content='tesseract 3.04.00' />
  <meta name='ocr-capabilities' content='ocr_page ocr_carea ocr_par ocr_line ocrx_word'/>
</head>
<body>
  <div class='ocr_page' id='page_1' title='image "./poemataomnia01scalgoog_0389.png"; bbox 0 0 3059 4492; ppageno 0'>
   <div class='ocr_carea' id='block_1_1' title="bbox 169 617 1192 1131">
    <p class='ocr_par' dir='ltr' id='par_1_1' title="bbox 169 617 1192 1131">
     <span class='ocr_line' id='line_1_1' title="bbox 169 617 1131 708; baseline -0.006 -15"><span class='ocrx_word' id='word_1_1' title='bbox 169 617 171 693; x_wconf 58' lang='grc' dir='ltr'><strong>ἶ</strong></span> <span class='ocrx_word' id='word_1_2' title='bbox 272 631 466 704; x_wconf 82' lang='lat' dir='ltr'>Undifluens,</span> <span class='ocrx_word' id='word_1_3' title='bbox 489 638 519 688; x_wconf 92' lang='lat' dir='ltr'>et</span> <span class='ocrx_word' id='word_1_4' title='bbox 536 649 612 688; x_wconf 82' lang='lat' dir='ltr'>rava</span> <span class='ocrx_word' id='word_1_5' title='bbox 633 637 733 703; x_wconf 84' lang='lat' dir='ltr'>tuens,</span> <span class='ocrx_word' id='word_1_6' title='bbox 755 631 935 708; x_wconf 74' lang='lat' dir='ltr'><strong>agitansque</strong></span> <span class='ocrx_word' id='word_1_7' title='bbox 957 629 1131 707; x_wconf 72' lang='lat' dir='ltr'>quadrigas,</span> 
     </span>
     <span class='ocr_line' id='line_1_2' title="bbox 270 715 1037 794; baseline -0.003 -18"><span class='ocrx_word' id='word_1_8' title='bbox 270 715 531 794; x_wconf 75' lang='lat' dir='ltr'>Expergetaciens</span> <span class='ocrx_word' id='word_1_9' title='bbox 555 724 664 792; x_wconf 80' lang='lat' dir='ltr'>vegeto</span> <span class='ocrx_word' id='word_1_10' title='bbox 687 715 767 774; x_wconf 83' lang='lat' dir='ltr'>vada</span> <span class='ocrx_word' id='word_1_11' title='bbox 786 715 871 774; x_wconf 83' lang='lat' dir='ltr'>salsa</span> <span class='ocrx_word' id='word_1_12' title='bbox 890 723 1037 775; x_wconf 68' lang='lat' dir='ltr'>nemore:</span> 
     </span>
     <span class='ocr_line' id='line_1_3' title="bbox 272 799 951 876; baseline -0.004 -15"><span class='ocrx_word' id='word_1_13' title='bbox 272 801 379 861; x_wconf 83' lang='lat' dir='ltr'>Tertia</span> <span class='ocrx_word' id='word_1_14' title='bbox 401 801 473 876; x_wconf 90' lang='lat' dir='ltr'>quoi</span> <span class='ocrx_word' id='word_1_15' title='bbox 495 801 572 860; x_wconf 88' lang='lat' dir='ltr'>sorti</span> <span class='ocrx_word' id='word_1_16' title='bbox 594 799 687 860; x_wconf 79' lang='lat' dir='ltr'><strong>cessit</strong></span> <span class='ocrx_word' id='word_1_17' title='bbox 708 801 804 859; x_wconf 85' lang='lat' dir='ltr'>tutela</span> <span class='ocrx_word' id='word_1_18' title='bbox 822 800 951 872; x_wconf 81' lang='lat' dir='ltr'>marina,</span> 
     </span>
     <span class='ocr_line' id='line_1_4' title="bbox 272 882 1192 963; baseline -0.007 -15"><span class='ocrx_word' id='word_1_19' title='bbox 272 886 481 963; x_wconf 83' lang='lat' dir='ltr'>Scamigerum</span> <span class='ocrx_word' id='word_1_20' title='bbox 500 905 578 963; x_wconf 89' lang='lat' dir='ltr'>pecu</span> <span class='ocrx_word' id='word_1_21' title='bbox 598 904 716 958; x_wconf 84' lang='lat' dir='ltr'>amans,</span> <span class='ocrx_word' id='word_1_22' title='bbox 731 892 761 943; x_wconf 88' lang='lat' dir='ltr'>et</span> <span class='ocrx_word' id='word_1_23' title='bbox 776 903 871 960; x_wconf 74' lang='lat' dir='ltr'>aquus</span> <span class='ocrx_word' id='word_1_24' title='bbox 889 884 967 957; x_wconf 88' lang='lat' dir='ltr'>sali’,</span> <span class='ocrx_word' id='word_1_25' title='bbox 979 883 1100 942; x_wconf 78' lang='lat' dir='ltr'>caerula</span> <span class='ocrx_word' id='word_1_26' title='bbox 1111 882 1192 942; x_wconf 74' lang='lat' dir='ltr'>Diae</span> 
     </span>
     <span class='ocr_line' id='line_1_5' title="bbox 272 964 1155 1046; baseline -0.008 -12"><span class='ocrx_word' id='word_1_27' title='bbox 272 971 356 1034; x_wconf 82' lang='lat' dir='ltr'>Siste</span> <span class='ocrx_word' id='word_1_28' title='bbox 377 978 487 1029; x_wconf 86' lang='lat' dir='ltr'>statum</span> <span class='ocrx_word' id='word_1_29' title='bbox 508 979 618 1042; x_wconf 85' lang='lat' dir='ltr'>terras,</span> <span class='ocrx_word' id='word_1_30' title='bbox 643 971 783 1046; x_wconf 73' lang='lat' dir='ltr'><strong>aspirans</strong></span> <span class='ocrx_word' id='word_1_31' title='bbox 802 973 886 1029; x_wconf 86' lang='lat' dir='ltr'>bcuu</span> <span class='ocrx_word' id='word_1_32' title='bbox 906 964 1027 1028; x_wconf 83' lang='lat' dir='ltr'>navibu’</span> <span class='ocrx_word' id='word_1_33' title='bbox 1048 969 1155 1041; x_wconf 85' lang='lat' dir='ltr'>flabra,</span> 
     </span>
     <span class='ocr_line' id='line_1_6' title="bbox 271 1048 1185 1131; baseline -0.004 -15"><span class='ocrx_word' id='word_1_34' title='bbox 271 1056 445 1130; x_wconf 87' lang='lat' dir='ltr'>Pacemque</span> <span class='ocrx_word' id='word_1_35' title='bbox 458 1063 548 1130; x_wconf 83' lang='lat' dir='ltr'>atque</span> <span class='ocrx_word' id='word_1_36' title='bbox 563 1055 691 1114; x_wconf 82' lang='lat' dir='ltr'>salutern</span> <span class='ocrx_word' id='word_1_37' title='bbox 706 1055 833 1128; x_wconf 86' lang='lat' dir='ltr'>addens,</span> <span class='ocrx_word' id='word_1_38' title='bbox 846 1062 974 1131; x_wconf 87' lang='lat' dir='ltr'>etopum</span> <span class='ocrx_word' id='word_1_39' title='bbox 986 1072 1080 1112; x_wconf 86' lang='lat' dir='ltr'>aurea</span> <span class='ocrx_word' id='word_1_40' title='bbox 1094 1048 1185 1112; x_wconf 70' lang='lat' dir='ltr'>dona.</span> 
     </span>
    </p>
   </div>
   <div class='ocr_carea' id='block_1_2' title="bbox 167 1220 1224 2916">
    <p class='ocr_par' dir='ltr' id='par_1_2' title="bbox 272 1220 1190 1807">
     <span class='ocr_line' id='line_1_7' title="bbox 541 1220 1185 1295; baseline -0.003 -14"><span class='ocrx_word' id='word_1_41' title='bbox 541 1227 580 1282; x_wconf 80' lang='lat' dir='ltr'>In</span> <span class='ocrx_word' id='word_1_42' title='bbox 606 1224 765 1295; x_wconf 67' lang='lat' dir='ltr'>vesosem,</span> <span class='ocrx_word' id='word_1_43' title='bbox 788 1243 912 1282; x_wconf 83' lang='lat' dir='ltr'>carmen.</span> <span class='ocrx_word' id='word_1_44' title='bbox 1147 1220 1185 1279; x_wconf 86' lang='grc'>17</span> 
     </span>
     <span class='ocr_line' id='line_1_8' title="bbox 272 1308 1190 1386; baseline -0.002 -18"><span class='ocrx_word' id='word_1_45' title='bbox 272 1309 478 1386; x_wconf 83' lang='lat' dir='ltr'>Magnanimc,</span> <span class='ocrx_word' id='word_1_46' title='bbox 498 1308 670 1366; x_wconf 79' lang='lat' dir='ltr'>indnferiiru</span> <span class='ocrx_word' id='word_1_47' title='bbox 692 1309 871 1386; x_wconf 82' lang='lat' dir='ltr'>pervolgans</span> <span class='ocrx_word' id='word_1_48' title='bbox 897 1308 985 1366; x_wconf 83' lang='lat' dir='ltr'>fulva</span> <span class='ocrx_word' id='word_1_49' title='bbox 1002 1309 1122 1381; x_wconf 83' lang='lat' dir='ltr'>silente,</span> <span class='ocrx_word' id='word_1_50' title='bbox 1186 1340 1190 1349; x_wconf 69' lang='grc'><strong>«</strong></span> 
     </span>
     <span class='ocr_line' id='line_1_9' title="bbox 274 1394 1132 1470; baseline 0 -18"><span class='ocrx_word' id='word_1_51' title='bbox 274 1395 423 1452; x_wconf 87' lang='lat' dir='ltr'>Tartarea</span> <span class='ocrx_word' id='word_1_52' title='bbox 443 1401 531 1468; x_wconf 81' lang='lat' dir='ltr'>atque</span> <span class='ocrx_word' id='word_1_53' title='bbox 553 1412 709 1470; x_wconf 88' lang='lat' dir='ltr'>crepusea,</span> <span class='ocrx_word' id='word_1_54' title='bbox 731 1394 861 1452; x_wconf 88' lang='lat' dir='ltr'>oblitera</span> <span class='ocrx_word' id='word_1_55' title='bbox 881 1402 969 1469; x_wconf 88' lang='lat' dir='ltr'>prata</span> <span class='ocrx_word' id='word_1_56' title='bbox 986 1394 1132 1465; x_wconf 87' lang='lat' dir='ltr'>tenebris,</span> 
     </span>
     <span class='ocr_line' id='line_1_10' title="bbox 274 1477 1129 1550; baseline -0.002 -12"><span class='ocrx_word' id='word_1_57' title='bbox 274 1479 416 1538; x_wconf 88' lang='lat' dir='ltr'>Tellumo</span> <span class='ocrx_word' id='word_1_58' title='bbox 436 1477 594 1550; x_wconf 84' lang='lat' dir='ltr'>Vaeievis,</span> <span class='ocrx_word' id='word_1_59' title='bbox 615 1478 728 1537; x_wconf 63' lang='lat' dir='ltr'>aferic</span> <span class='ocrx_word' id='word_1_60' title='bbox 750 1486 780 1537; x_wconf 86' lang='lat' dir='ltr'>te</span> <span class='ocrx_word' id='word_1_61' title='bbox 798 1481 858 1538; x_wconf 90' lang='lat' dir='ltr'>hoc</span> <span class='ocrx_word' id='word_1_62' title='bbox 878 1499 1003 1537; x_wconf 86' lang='lat' dir='ltr'>munere</span> <span class='ocrx_word' id='word_1_63' title='bbox 1022 1487 1129 1537; x_wconf 81' lang='lat' dir='ltr'>macte.</span> 
     </span>
     <span class='ocr_line' id='line_1_11' title="bbox 273 1562 1078 1640; baseline 0 -18"><span class='ocrx_word' id='word_1_64' title='bbox 273 1564 332 1623; x_wconf 90' lang='lat' dir='ltr'>Dis</span> <span class='ocrx_word' id='word_1_65' title='bbox 352 1564 404 1637; x_wconf 92' lang='lat' dir='ltr'>qui</span> <span class='ocrx_word' id='word_1_66' title='bbox 428 1564 586 1621; x_wconf 83' lang='lat' dir='ltr'>cardineus</span> <span class='ocrx_word' id='word_1_67' title='bbox 608 1562 722 1622; x_wconf 78' lang='lat' dir='ltr'>Terrae</span> <span class='ocrx_word' id='word_1_68' title='bbox 743 1565 819 1623; x_wconf 88' lang='lat' dir='ltr'>cluis</span> <span class='ocrx_word' id='word_1_69' title='bbox 842 1564 1078 1640; x_wconf 83' lang='lat' dir='ltr'>omniparentis:</span> 
     </span>
     <span class='ocr_line' id='line_1_12' title="bbox 274 1648 1079 1727; baseline -0.001 -18"><span class='ocrx_word' id='word_1_70' title='bbox 274 1648 385 1710; x_wconf 84' lang='lat' dir='ltr'>Saccla</span> <span class='ocrx_word' id='word_1_71' title='bbox 404 1649 494 1706; x_wconf 91' lang='lat' dir='ltr'>nimis</span> <span class='ocrx_word' id='word_1_72' title='bbox 516 1649 615 1707; x_wconf 88' lang='lat' dir='ltr'>ditans</span> <span class='ocrx_word' id='word_1_73' title='bbox 640 1648 781 1708; x_wconf 88' lang='lat' dir='ltr'>mortalia</span> <span class='ocrx_word' id='word_1_74' title='bbox 801 1649 939 1727; x_wconf 83' lang='lat' dir='ltr'><strong>frugibus</strong></span> <span class='ocrx_word' id='word_1_75' title='bbox 960 1651 1079 1723; x_wconf 88' lang='lat' dir='ltr'>hornis,</span> 
     </span>
     <span class='ocr_line' id='line_1_13' title="bbox 274 1728 979 1807; baseline -0.003 -14"><span class='ocrx_word' id='word_1_76' title='bbox 274 1734 381 1793; x_wconf 83' lang='lat' dir='ltr'>Tertia</span> <span class='ocrx_word' id='word_1_77' title='bbox 400 1733 472 1807; x_wconf 89' lang='lat' dir='ltr'>quoi</span> <span class='ocrx_word' id='word_1_78' title='bbox 494 1728 571 1792; x_wconf 88' lang='lat' dir='ltr'>sorti</span> <span class='ocrx_word' id='word_1_79' title='bbox 592 1733 687 1791; x_wconf 88' lang='lat' dir='ltr'>tutela</span> <span class='ocrx_word' id='word_1_80' title='bbox 709 1735 834 1792; x_wconf 85' lang='lat' dir='ltr'>obvenit</span> <span class='ocrx_word' id='word_1_81' title='bbox 854 1735 979 1807; x_wconf 87' lang='lat' dir='ltr'>Averni,</span> 
     </span>
    </p>

    <p class='ocr_par' dir='ltr' id='par_1_3' title="bbox 167 1818 1185 2065">
     <span class='ocr_line' id='line_1_14' title="bbox 167 1818 1125 1891; baseline -0.002 -12"><span class='ocrx_word' id='word_1_82' title='bbox 167 1827 169 1836; x_wconf 92' lang='lat'>&#39;</span> <span class='ocrx_word' id='word_1_83' title='bbox 274 1818 443 1879; x_wconf 88' lang='lat' dir='ltr'>Caelituum</span> <span class='ocrx_word' id='word_1_84' title='bbox 464 1819 587 1891; x_wconf 88' lang='lat' dir='ltr'>solium,</span> <span class='ocrx_word' id='word_1_85' title='bbox 612 1819 730 1876; x_wconf 87' lang='lat' dir='ltr'>firmum</span> <span class='ocrx_word' id='word_1_86' title='bbox 750 1819 923 1876; x_wconf 75' lang='lat' dir='ltr'>stabilimen</span> <span class='ocrx_word' id='word_1_87' title='bbox 948 1820 1125 1878; x_wconf 87' lang='lat' dir='ltr'>homonum.</span> 
     </span>
     <span class='ocr_line' id='line_1_15' title="bbox 273 1901 1185 1978; baseline 0.001 -16"><span class='ocrx_word' id='word_1_88' title='bbox 273 1904 332 1978; x_wconf 80' lang='lat' dir='ltr'>Qui</span> <span class='ocrx_word' id='word_1_89' title='bbox 356 1901 457 1963; x_wconf 86' lang='lat' dir='ltr'>solum</span> <span class='ocrx_word' id='word_1_90' title='bbox 473 1904 580 1976; x_wconf 88' lang='lat' dir='ltr'>habes,</span> <span class='ocrx_word' id='word_1_91' title='bbox 602 1904 641 1961; x_wconf 91' lang='lat' dir='ltr'>ad</span> <span class='ocrx_word' id='word_1_92' title='bbox 655 1911 755 1966; x_wconf 83' lang='lat' dir='ltr'>castra</span> <span class='ocrx_word' id='word_1_93' title='bbox 771 1904 927 1975; x_wconf 89' lang='lat' dir='ltr'>obnubila,</span> <span class='ocrx_word' id='word_1_94' title='bbox 940 1911 1028 1962; x_wconf 86' lang='lat' dir='ltr'>senta</span> <span class='ocrx_word' id='word_1_95' title='bbox 1039 1906 1185 1978; x_wconf 86' lang='lat' dir='ltr'>tenebris,</span> 
     </span>
     <span class='ocr_line' id='line_1_16' title="bbox 272 1988 986 2065; baseline -0.004 -17"><span class='ocrx_word' id='word_1_96' title='bbox 272 1989 458 2065; x_wconf 85' lang='lat' dir='ltr'>Longinqui,</span> <span class='ocrx_word' id='word_1_97' title='bbox 481 1988 607 2062; x_wconf 85' lang='lat' dir='ltr'>aeterni,</span> <span class='ocrx_word' id='word_1_98' title='bbox 631 1997 661 2046; x_wconf 90' lang='lat' dir='ltr'>et</span> <span class='ocrx_word' id='word_1_99' title='bbox 681 1988 881 2046; x_wconf 82' lang='lat' dir='ltr'>inexorabilis</span> <span class='ocrx_word' id='word_1_100' title='bbox 902 1988 986 2061; x_wconf 90' lang='lat' dir='ltr'>Orci,</span> 
     </span>
    </p>

    <p class='ocr_par' dir='ltr' id='par_1_4' title="bbox 273 2074 1142 2230">
     <span class='ocr_line' id='line_1_17' title="bbox 273 2074 1142 2149; baseline -0.005 -14"><span class='ocrx_word' id='word_1_101' title='bbox 273 2077 373 2149; x_wconf 79' lang='lat' dir='ltr'>Atque</span> <span class='ocrx_word' id='word_1_102' title='bbox 394 2074 568 2134; x_wconf 82' lang='lat' dir='ltr'>Acherunta</span> <span class='ocrx_word' id='word_1_103' title='bbox 589 2081 696 2146; x_wconf 84' lang='lat' dir='ltr'>atrum,</span> <span class='ocrx_word' id='word_1_104' title='bbox 718 2075 810 2139; x_wconf 80' lang='lat' dir='ltr'>terrai</span> <span class='ocrx_word' id='word_1_105' title='bbox 826 2074 958 2131; x_wconf 87' lang='lat' dir='ltr'>immane</span> <span class='ocrx_word' id='word_1_106' title='bbox 977 2080 1142 2132; x_wconf 80' lang='lat' dir='ltr'>statumen:</span> 
     </span>
     <span class='ocr_line' id='line_1_18' title="bbox 273 2158 1079 2230; baseline -0.002 -13"><span class='ocrx_word' id='word_1_107' title='bbox 273 2161 346 2217; x_wconf 89' lang='lat' dir='ltr'>Iura</span> <span class='ocrx_word' id='word_1_108' title='bbox 366 2167 474 2218; x_wconf 87' lang='lat' dir='ltr'>tenens</span> <span class='ocrx_word' id='word_1_109' title='bbox 499 2158 652 2217; x_wconf 88' lang='lat' dir='ltr'>hominum</span> <span class='ocrx_word' id='word_1_110' title='bbox 673 2159 785 2216; x_wconf 87' lang='lat' dir='ltr'>Mertai</span> <span class='ocrx_word' id='word_1_111' title='bbox 809 2178 943 2230; x_wconf 86' lang='lat' dir='ltr'>munere,</span> <span class='ocrx_word' id='word_1_112' title='bbox 964 2165 1079 2230; x_wconf 85' lang='lat' dir='ltr'>sancte,</span> 
     </span>
    </p>

    <p class='ocr_par' dir='ltr' id='par_1_5' title="bbox 275 2241 1224 2575">
     <span class='ocr_line' id='line_1_19' title="bbox 275 2241 1134 2320; baseline -0.001 -17"><span class='ocrx_word' id='word_1_113' title='bbox 275 2243 386 2315; x_wconf 84' lang='lat' dir='ltr'>Conse,</span> <span class='ocrx_word' id='word_1_114' title='bbox 407 2243 494 2302; x_wconf 86' lang='lat' dir='ltr'>Deae</span> <span class='ocrx_word' id='word_1_115' title='bbox 520 2241 640 2303; x_wconf 85' lang='lat' dir='ltr'>Cereris</span> <span class='ocrx_word' id='word_1_116' title='bbox 663 2259 789 2320; x_wconf 82' lang='lat' dir='ltr'>pueram</span> <span class='ocrx_word' id='word_1_117' title='bbox 815 2244 866 2318; x_wconf 89' lang='lat' dir='ltr'>qui</span> <span class='ocrx_word' id='word_1_118' title='bbox 888 2244 986 2301; x_wconf 88' lang='lat' dir='ltr'>victus</span> <span class='ocrx_word' id='word_1_119' title='bbox 1008 2263 1134 2317; x_wconf 85' lang='lat' dir='ltr'>amore,</span> 
     </span>
     <span class='ocr_line' id='line_1_20' title="bbox 276 2328 1014 2406; baseline -0.005 -17"><span class='ocrx_word' id='word_1_120' title='bbox 276 2328 441 2389; x_wconf 87' lang='lat' dir='ltr'>Graminec</span> <span class='ocrx_word' id='word_1_121' title='bbox 463 2336 580 2403; x_wconf 85' lang='lat' dir='ltr'>raptam</span> <span class='ocrx_word' id='word_1_122' title='bbox 599 2337 687 2406; x_wconf 85' lang='lat' dir='ltr'>prato</span> <span class='ocrx_word' id='word_1_123' title='bbox 710 2348 765 2405; x_wconf 88' lang='lat' dir='ltr'>per</span> <span class='ocrx_word' id='word_1_124' title='bbox 787 2329 908 2387; x_wconf 87' lang='lat' dir='ltr'>caerula</span> <span class='ocrx_word' id='word_1_125' title='bbox 926 2328 1014 2404; x_wconf 91' lang='lat' dir='ltr'>ponti</span> 
     </span>
     <span class='ocr_line' id='line_1_21' title="bbox 276 2413 1224 2490; baseline -0.002 -18"><span class='ocrx_word' id='word_1_126' title='bbox 276 2413 465 2490; x_wconf 77' lang='lat' dir='ltr'>Quadriiugc</span> <span class='ocrx_word' id='word_1_127' title='bbox 488 2415 620 2473; x_wconf 83' lang='lat' dir='ltr'>avexisti</span> <span class='ocrx_word' id='word_1_128' title='bbox 643 2413 778 2488; x_wconf 88' lang='lat' dir='ltr'>equitatu</span> <span class='ocrx_word' id='word_1_129' title='bbox 801 2413 841 2470; x_wconf 89' lang='lat' dir='ltr'>ad</span> <span class='ocrx_word' id='word_1_130' title='bbox 856 2413 989 2472; x_wconf 86' lang='lat' dir='ltr'>Atthidis</span> <span class='ocrx_word' id='word_1_131' title='bbox 1013 2419 1143 2484; x_wconf 85' lang='lat' dir='ltr'>antrum,</span> <span class='ocrx_word' id='word_1_132' title='bbox 1222 2474 1224 2478; x_wconf 66' lang='grc'>,</span> 
     </span>
     <span class='ocr_line' id='line_1_22' title="bbox 275 2498 1072 2575; baseline -0.005 -16"><span class='ocrx_word' id='word_1_133' title='bbox 275 2499 386 2559; x_wconf 86' lang='lat' dir='ltr'>Gentis</span> <span class='ocrx_word' id='word_1_134' title='bbox 409 2499 664 2557; x_wconf 75' lang='lat' dir='ltr'>Eleusinaetubi</span> <span class='ocrx_word' id='word_1_135' title='bbox 687 2507 757 2556; x_wconf 87' lang='lat' dir='ltr'>sunt</span> <span class='ocrx_word' id='word_1_136' title='bbox 776 2499 930 2575; x_wconf 85' lang='lat' dir='ltr'>spiracula</span> <span class='ocrx_word' id='word_1_137' title='bbox 948 2498 1072 2557; x_wconf 86' lang='lat' dir='ltr'>Averni.</span> 
     </span>
    </p>

    <p class='ocr_par' dir='ltr' id='par_1_6' title="bbox 274 2583 1074 2660">
     <span class='ocr_line' id='line_1_23' title="bbox 274 2583 1074 2660; baseline -0.005 -16"><span class='ocrx_word' id='word_1_138' title='bbox 274 2585 374 2644; x_wconf 84' lang='lat' dir='ltr'>Unice</span> <span class='ocrx_word' id='word_1_139' title='bbox 396 2592 469 2642; x_wconf 85' lang='lat' dir='ltr'>nota</span> <span class='ocrx_word' id='word_1_140' title='bbox 490 2583 574 2642; x_wconf 88' lang='lat' dir='ltr'>Deus</span> <span class='ocrx_word' id='word_1_141' title='bbox 598 2601 726 2642; x_wconf 85' lang='lat' dir='ltr'>censens</span> <span class='ocrx_word' id='word_1_142' title='bbox 746 2583 911 2660; x_wconf 77' lang='lat' dir='ltr'>ignotaque</span> <span class='ocrx_word' id='word_1_143' title='bbox 933 2603 1043 2641; x_wconf 91' lang='lat' dir='ltr'>rerum.</span> <span class='ocrx_word' id='word_1_144' title='bbox 1070 2648 1074 2657; x_wconf 46' lang='grc'>,</span> 
     </span>
    </p>

    <p class='ocr_par' dir='ltr' id='par_1_7' title="bbox 273 2668 1183 2916">
     <span class='ocr_line' id='line_1_24' title="bbox 275 2668 1166 2744; baseline -0.006 -16"><span class='ocrx_word' id='word_1_145' title='bbox 275 2668 387 2740; x_wconf 83' lang='lat' dir='ltr'>Cerite,</span> <span class='ocrx_word' id='word_1_146' title='bbox 407 2669 602 2744; x_wconf 76' lang='lat' dir='ltr'>induperans,</span> <span class='ocrx_word' id='word_1_147' title='bbox 625 2669 828 2739; x_wconf 77' lang='lat' dir='ltr'>sanctissime,</span> <span class='ocrx_word' id='word_1_148' title='bbox 854 2687 980 2744; x_wconf 87' lang='lat' dir='ltr'>compos</span> <span class='ocrx_word' id='word_1_149' title='bbox 1004 2669 1166 2739; x_wconf 91' lang='lat' dir='ltr'>honorum,</span> 
     </span>
     <span class='ocr_line' id='line_1_25' title="bbox 273 2749 1131 2831; baseline -0.002 -19"><span class='ocrx_word' id='word_1_150' title='bbox 273 2749 397 2812; x_wconf 82' lang='lat' dir='ltr'>Vatibu&#39;</span> <span class='ocrx_word' id='word_1_151' title='bbox 423 2754 617 2829; x_wconf 86' lang='lat' dir='ltr'>praestitibus</span> <span class='ocrx_word' id='word_1_152' title='bbox 641 2755 788 2831; x_wconf 86' lang='lat' dir='ltr'>gaudens,</span> <span class='ocrx_word' id='word_1_153' title='bbox 810 2762 841 2811; x_wconf 86' lang='lat' dir='ltr'>et</span> <span class='ocrx_word' id='word_1_154' title='bbox 859 2754 982 2812; x_wconf 88' lang='lat' dir='ltr'>cultibu&#39;</span> <span class='ocrx_word' id='word_1_155' title='bbox 1004 2753 1131 2812; x_wconf 82' lang='lat' dir='ltr'>sanctis:</span> 
     </span>
     <span class='ocr_line' id='line_1_26' title="bbox 273 2835 1183 2916; baseline -0.001 -18"><span class='ocrx_word' id='word_1_156' title='bbox 273 2840 359 2898; x_wconf 89' lang='lat' dir='ltr'>Mitis</span> <span class='ocrx_word' id='word_1_157' title='bbox 382 2837 466 2912; x_wconf 87' lang='lat' dir='ltr'>ades,</span> <span class='ocrx_word' id='word_1_158' title='bbox 489 2858 565 2916; x_wconf 85' lang='lat' dir='ltr'>rogo</span> <span class='ocrx_word' id='word_1_159' title='bbox 588 2847 629 2912; x_wconf 90' lang='lat' dir='ltr'>te,</span> <span class='ocrx_word' id='word_1_160' title='bbox 651 2840 750 2898; x_wconf 84' lang='lat' dir='ltr'>laetus</span> <span class='ocrx_word' id='word_1_161' title='bbox 772 2835 981 2898; x_wconf 86' lang='lat' dir='ltr'>venerantibu’</span> <span class='ocrx_word' id='word_1_162' title='bbox 1004 2839 1112 2897; x_wconf 88' lang='lat' dir='ltr'>turbis.</span> <span class='ocrx_word' id='word_1_163' title='bbox 1176 2843 1183 2849; x_wconf 81' lang='grc'><strong>”</strong></span> 
     </span>
    </p>
   </div>
   <div class='ocr_carea' id='block_1_3' title="bbox 272 3007 1192 3768">
    <p class='ocr_par' dir='ltr' id='par_1_8' title="bbox 272 3007 1192 3768">
     <span class='ocr_line' id='line_1_27' title="bbox 443 3007 1187 3083; baseline -0.004 -16"><span class='ocrx_word' id='word_1_164' title='bbox 443 3011 582 3068; x_wconf 77' lang='lat' dir='ltr'>Tonantis</span> <span class='ocrx_word' id='word_1_165' title='bbox 602 3011 682 3067; x_wconf 81' lang='lat' dir='ltr'>Iocis</span> <span class='ocrx_word' id='word_1_166' title='bbox 702 3010 844 3083; x_wconf 76' lang='lat' dir='ltr'>suffimen,</span> <span class='ocrx_word' id='word_1_167' title='bbox 863 3017 1013 3066; x_wconf 81' lang='lat' dir='ltr'>sturaccm.</span> <span class='ocrx_word' id='word_1_168' title='bbox 1150 3007 1187 3065; x_wconf 82' lang='lat'>18</span> 
     </span>
     <span class='ocr_line' id='line_1_28' title="bbox 274 3092 1123 3169; baseline 0 -19"><span class='ocrx_word' id='word_1_169' title='bbox 274 3093 424 3169; x_wconf 87' lang='lat' dir='ltr'>Iuppiter,</span> <span class='ocrx_word' id='word_1_170' title='bbox 444 3093 570 3152; x_wconf 89' lang='lat' dir='ltr'>altisoni</span> <span class='ocrx_word' id='word_1_171' title='bbox 588 3101 730 3168; x_wconf 85' lang='lat' dir='ltr'>turquens</span> <span class='ocrx_word' id='word_1_172' title='bbox 753 3092 825 3151; x_wconf 84' lang='lat' dir='ltr'>loca</span> <span class='ocrx_word' id='word_1_173' title='bbox 845 3092 985 3149; x_wconf 88' lang='lat' dir='ltr'>flammea</span> <span class='ocrx_word' id='word_1_174' title='bbox 1008 3092 1123 3166; x_wconf 87' lang='lat' dir='ltr'>mundi,</span> 
     </span>
     <span class='ocr_line' id='line_1_29' title="bbox 273 3172 1165 3254; baseline 0.001 -18"><span class='ocrx_word' id='word_1_175' title='bbox 273 3177 485 3254; x_wconf 82' lang='lat' dir='ltr'>Fuigctrarum</span> <span class='ocrx_word' id='word_1_176' title='bbox 508 3179 626 3237; x_wconf 87' lang='lat' dir='ltr'>animas</span> <span class='ocrx_word' id='word_1_177' title='bbox 643 3178 783 3254; x_wconf 82' lang='lat' dir='ltr'>crispans</span> <span class='ocrx_word' id='word_1_178' title='bbox 806 3172 1002 3252; x_wconf 86' lang='lat' dir='ltr'>petulantibu’</span> <span class='ocrx_word' id='word_1_179' title='bbox 1024 3179 1165 3250; x_wconf 87' lang='lat' dir='ltr'>flammis,</span> 
     </span>
     <span class='ocr_line' id='line_1_30' title="bbox 275 3262 1060 3338; baseline 0 -16"><span class='ocrx_word' id='word_1_180' title='bbox 275 3263 449 3322; x_wconf 82' lang='lat' dir='ltr'>Coelitunm</span> <span class='ocrx_word' id='word_1_181' title='bbox 472 3265 562 3324; x_wconf 87' lang='lat' dir='ltr'>sedes</span> <span class='ocrx_word' id='word_1_182' title='bbox 585 3281 795 3338; x_wconf 84' lang='lat' dir='ltr'>conquassans</span> <span class='ocrx_word' id='word_1_183' title='bbox 811 3262 939 3320; x_wconf 85' lang='lat' dir='ltr'>fulmine</span> <span class='ocrx_word' id='word_1_184' title='bbox 960 3281 1060 3335; x_wconf 84' lang='lat' dir='ltr'>sacro,</span> 
     </span>
     <span class='ocr_line' id='line_1_31' title="bbox 272 3347 1168 3426; baseline -0.001 -16"><span class='ocrx_word' id='word_1_185' title='bbox 272 3348 485 3426; x_wconf 84' lang='lat' dir='ltr'>Flammigeris</span> <span class='ocrx_word' id='word_1_186' title='bbox 508 3349 659 3426; x_wconf 86' lang='lat' dir='ltr'>stringens</span> <span class='ocrx_word' id='word_1_187' title='bbox 685 3356 840 3424; x_wconf 88' lang='lat' dir='ltr'>streperos</span> <span class='ocrx_word' id='word_1_188' title='bbox 859 3347 1045 3407; x_wconf 86' lang='lat' dir='ltr'>torrentibus</span> <span class='ocrx_word' id='word_1_189' title='bbox 1066 3348 1168 3424; x_wconf 82' lang='lat' dir='ltr'>ignes:</span> 
     </span>
     <span class='ocr_line' id='line_1_32' title="bbox 275 3433 1128 3509; baseline -0.001 -18"><span class='ocrx_word' id='word_1_190' title='bbox 275 3433 425 3492; x_wconf 88' lang='lat' dir='ltr'>Tormina</span> <span class='ocrx_word' id='word_1_191' title='bbox 442 3435 503 3509; x_wconf 92' lang='lat' dir='ltr'>qui,</span> <span class='ocrx_word' id='word_1_192' title='bbox 525 3435 658 3507; x_wconf 88' lang='lat' dir='ltr'>nimbos,</span> <span class='ocrx_word' id='word_1_193' title='bbox 683 3435 775 3492; x_wconf 85' lang='lat' dir='ltr'>rubra</span> <span class='ocrx_word' id='word_1_194' title='bbox 795 3433 866 3505; x_wconf 85' lang='lat' dir='ltr'>tela,</span> <span class='ocrx_word' id='word_1_195' title='bbox 886 3433 1021 3491; x_wconf 86' lang='lat' dir='ltr'>tonitrua</span> <span class='ocrx_word' id='word_1_196' title='bbox 1040 3435 1128 3491; x_wconf 85' lang='lat' dir='ltr'>bruta</span> 
     </span>
     <span class='ocr_line' id='line_1_33' title="bbox 274 3514 1036 3591; baseline 0.001 -15"><span class='ocrx_word' id='word_1_197' title='bbox 274 3518 398 3591; x_wconf 84' lang='lat' dir='ltr'>Vibras,</span> <span class='ocrx_word' id='word_1_198' title='bbox 421 3519 582 3582; x_wconf 81' lang='lat' dir='ltr'>involvens</span> <span class='ocrx_word' id='word_1_199' title='bbox 606 3519 739 3578; x_wconf 84' lang='lat' dir='ltr'>animata</span> <span class='ocrx_word' id='word_1_200' title='bbox 765 3514 934 3576; x_wconf 87' lang='lat' dir='ltr'>rubentibu&#39;</span> <span class='ocrx_word' id='word_1_201' title='bbox 954 3518 1036 3591; x_wconf 89' lang='lat' dir='ltr'>telis,</span> 
     </span>
     <span class='ocr_line' id='line_1_34' title="bbox 273 3603 1192 3682; baseline 0.002 -20"><span class='ocrx_word' id='word_1_202' title='bbox 273 3603 505 3678; x_wconf 86' lang='lat' dir='ltr'>Flammivoma,</span> <span class='ocrx_word' id='word_1_203' title='bbox 528 3614 558 3664; x_wconf 85' lang='lat' dir='ltr'>ct</span> <span class='ocrx_word' id='word_1_204' title='bbox 579 3605 809 3682; x_wconf 83' lang='lat' dir='ltr'>perterricrepa,</span> <span class='ocrx_word' id='word_1_205' title='bbox 831 3603 976 3678; x_wconf 86' lang='lat' dir='ltr'>ir[r]itata</span> <span class='ocrx_word' id='word_1_206' title='bbox 995 3603 1104 3677; x_wconf 88' lang='lat' dir='ltr'>ruinis,</span> <span class='ocrx_word' id='word_1_207' title='bbox 1190 3626 1192 3633; x_wconf 72' lang='grc'>’</span> 
     </span>
     <span class='ocr_line' id='line_1_35' title="bbox 274 3688 1189 3768; baseline 0.001 -21"><span class='ocrx_word' id='word_1_208' title='bbox 274 3688 425 3766; x_wconf 84' lang='lat' dir='ltr'>Praepes,</span> <span class='ocrx_word' id='word_1_209' title='bbox 440 3709 543 3750; x_wconf 48' lang='lat' dir='ltr'>xovans</span> <span class='ocrx_word' id='word_1_210' title='bbox 565 3690 669 3764; x_wconf 87' lang='lat' dir='ltr'>telum,</span> <span class='ocrx_word' id='word_1_211' title='bbox 693 3689 927 3767; x_wconf 80' lang='lat' dir='ltr'>cordigrnmum,</span> <span class='ocrx_word' id='word_1_212' title='bbox 950 3689 1189 3768; x_wconf 84' lang='lat' dir='ltr'>horricapillnm.</span> 
     </span>
    </p>
   </div>
   <div class='ocr_carea' id='block_1_4' title="bbox 0 0 1536 4492">
    <p class='ocr_par' dir='ltr' id='par_1_9' title="bbox 0 0 1536 4492">
     <span class='ocr_line' id='line_1_36' title="bbox 0 0 1536 4492; baseline 0 0"><span class='ocrx_word' id='word_1_213' title='bbox 0 0 1536 4492; x_wconf 95' lang='lat' dir='ltr'> </span> 
     </span>
    </p>
   </div>
  </div>
 </body>
</html>
