3059 4492
714 480 866 574 „²9⁸5-

338 650 385 723 14,
398 651 449 710 83.
463 650 523 708 τῶν
549 647 643 729 ώμοιν
663 646 732 730 χεὶρ
754 643 808 728 ἥδ’
831 643 1028 719 ἀπαλέξεται,
1047 643 1121 707 εἴσ’
1134 647 1249 731 ἀνιηρὴ
1377 626 1378 665 1

462 731 564 816 ψύλλα
588 731 678 814 δάκη,
702 729 784 814 ψόλλ
807 753 821 798 ς
841 729 862 814 ἥ
882 752 910 792 τι
934 729 1182 815 βδελυκτότερον.

338 819 385 894 14,
396 819 446 880 84.
463 817 495 878 αἱ
519 815 619 900 βίβλοι
637 813 762 896 πώγων’
785 753 837 876 ίνα
861 815 902 897 μὴ
925 811 1057 896 φύουσι,
1079 817 1206 899 ποιήσει

369 941 373 950 ·
460 900 558 982 πεύκη
578 898 649 966 τοὺς
672 899 789 982 χάρτας
808 900 867 982 ἥδε
888 899 1123 982 πολυχρονίους.

339 988 385 1060 14,
396 989 447 1048 86.
462 983 620 1068 στρώμαθ’
639 979 812 1059 ύπόζοισον,
826 981 974 1067 θηρευτά,
993 985 1114 1068 μώνυχι
1126 984 1250 1070 κούφῳ.

464 1069 554 1136 ἵππος
572 1067 629 1151 γὰρ
654 1071 745 1130 σῦκον
767 1069 881 1150 γυμνὸς
900 1065 997 1150 ἔφυσε
1018 1067 1115 1150 θαμοί.

338 1158 385 1231 14,
396 1158 446 1218 87.
463 1157 556 1236 σῖγμα
566 1153 739 1235 σεληνῶδες
747 1153 925 1236 καμάριομα
934 1150 1017 1236 λάβ’.
1033 1152 1249 1236 δγδοάδοςμὲν

463 1235 597 1301 δεκτικόν
621 1237 710 1298 ἐστιν.
734 1235 825 1299 ἵκοιθ’
849 1236 930 1302 ὅστις
952 1234 1053 1298 ἔσοιτο
1075 1236 1175 1318 φιλος.

336 1325 386 1399 14,
395 1325 447 1386 89.
463 1323 609 1404 εόδαῖμον
628 1321 758 1402 δώρημα
775 1321 895 1403 κίτρους
909 1319 1106 1388 Ἀτλαντίδος
1124 1321 1200 1405 ύλης

461 1407 610 1489 λάμβανε.
634 1406 720 1487 δῶρα
746 1407 851 1490 λαβὼν
870 1403 976 1489 χρύσε’
1000 1401 1126 1467 ἔλαττον
1149 1403 1247 1490 ἔχοις.
1377 1418 1378 1475 ἶ

337 1495 386 1568 14,
397 1494 447 1553 90.
463 1490 530 1575 μήτ’
557 1489 645 1572 οόλη,
669 1487 737 1571 μήτ’
762 1490 824 1572 εἰμὶ
846 1489 934 1570 γένος
952 1486 1139 1572 Μαυρίτιδος
1160 1491 1248 1574 όλης.
1377 1502 1378 1515 ’

464 1573 542 1658 ἔγνω
567 1573 717 1656 δαψιλέας
738 1574 790 1636 καὶ
813 1573 888 1642 ξύλα
911 1575 1016 1640 δαῖτας
1038 1573 1108 1656 ἐμοί.

337 1663 446 1736 14,91.
463 1657 583 1742 σώματ>
607 1659 786 1741 ἀειράμενοι
806 1658 933 1761 ταύρεια
955 1659 1096 1738 πελώρια
1120 1663 1187 1726 πῶς
1210 1657 1249 1721 ού
1377 1684 1378 1749 3

464 1745 516 1806 καὶ
542 1743 666 1810 σανίδας
687 1742 822 1826 Λιβυκὰς
840 1764 941 1824 αρκιοι
966 1742 1024 1804 εἰσὶ
1048 1741 1172 1825 φέρειν;

338 1832 386 1905 14,
399 1832 447 1890 92.
463 1829 589 1910 κεντητὴ
615 1831 776 1910 στιγμαῖσι,
798 1829 862 1910 θοῇ
883 1829 1012 1910 γλοιχῖνι
1034 1826 1162 1889 δεθεῖσα

461 1915 567 1994 πρῖνος
589 1909 693 1993 ἔλεγῖε
713 1916 835 1980 πυκνῶς
854 1912 1037 1995 ἐργολάβοιο
1065 1913 1191 1979 κλοπάς.

337 2001 386 2074 14,
397 2001 447 2060 93.
463 1997 499 2064 οὐ
524 1996 593 2058 νέον
611 1994 674 2058 ἔστ’
693 1995 768 2058 οὔθ’
781 1994 934 2080 ἡμετέρου
955 1994 1094 2078 κέστροιο
1111 1995 1249 2080 πόνημα.
1377 2000 1378 2009 ’

461 2085 530 2144 πῖνε
551 2083 647 2144 πάλαι
668 2078 799 2163 Μέντωρ
822 2080 916 2143 τοῖσδ’
940 2078 995 2159 ἔνι,
1017 2084 1113 2142 ταῦτα
1137 2085 1248 2143 ποιῶν.

339 2169 446 2242 14,94.
461 2169 616 2250 τολμηρῖης
637 2165 730 2227 ὑέλου
752 2165 948 2248 δημοπρεπὲς
970 2165 1032 2244 εἰμί
1052 2163 1202 2248 πόρευμα,

463 2250 531 2312 οὐδ’
559 2251 632 2331 όλην
658 2250 741 2334 ύδιρρ
764 2249 880 2332 θερμὸν
903 2247 1038 2332 ἔβλαψεν
1059 2248 1146 2332 ἐμήν.

339 2337 386 2411 14,
398 2338 448 2397 95.
464 2336 491 2396 εἰ
510 2335 561 2396 καὶ
573 2331 753 2404 Καλλαϊκού
777 2332 912 2480 πέλογχαι
930 2332 1066 2416 γέννημα
1080 2334 1249 2415 μετάλλου,

462 2422 629 2502 καυχῶμαι
650 2418 755 2502 τέχνη,
780 2423 833 2480 τοῦ
890 2419 943 2486 υδς
965 2415 1044 2479 οὖσα
1065 2416 1169 2486 πόνος.

337 2506 386 2579 14,
398 2507 447 2565 97.
463 2503 504 2586 μὴ
529 2504 648 2587 μεγάλα
664 2503 802 2586 χραίνοις
818 2502 915 2584 τυτθγῖ
929 2501 1118 2585 χρυσένδετα
1130 2503 1250 2587 τρίγλη.
1377 2518 1378 2563 1

462 2589 481 2667 ἡ
505 2587 539 2648 δὲ
563 2587 693 2670 διλιτρος
716 2587 802 2668 ὅμως
826 2591 869 2654 ῶς
891 2586 1050 2670 ἐλάχιστον
1075 2585 1131 2648 ἔοι.

339 2675 386 2746 14,
398 2673 449 2732 99.
462 2672 530 2751 ἥκω
551 2672 611 2733 ἀπὸ
636 2676 759 2732 στικτῶν
779 2672 858 2753 ξείνη
878 2667 1050 2733 Βάσκαυδα
1060 2667 1250 2754 Βριτοίννιυν.

458 2752 569 2838 Ῥώμη
595 2755 647 2838 ἑὴν
673 2755 707 2816 δὲ
731 2759 823 2818 καλεῖ
841 2755 874 2837 μ’
898 2755 1081 2833 ἐξιδιασ[σ]α
1107 2754 1172 2837 ένη.

339 2843 387 2915 14,
401 2841 470 2901 100.
486 2837 518 2900 εἴ
534 2839 563 2920 γ’
581 2840 638 2902 οὐκ
652 2837 789 2920 ἀγνοέεις
808 2841 924 2922 πάτρην
938 2838 1054 2920 λογίοιο
1070 2780 1250 2916 11ατύλλου,

464 2923 495 2985 ἐν
519 2925 665 3007 κεράμοις
686 2921 770 2992 ἔπιες
788 2921 939 2987 Ῥαιτικδν
961 2923 1043 2985 οἶνον
1067 2924 1163 3007 ἐμοῖς.

338 3012 386 3083 14,
399 3009 469 3070 101.
485 3008 512 3070 εἰ
533 3009 584 3072 καὶ
608 3009 668 3091 ἐγώ
690 3010 851 3073 κλειναῖσιν
868 3008 1031 3091 ἐπώνυμος
1049 3008 1111 3090 εἰμὶ
1124 3008 1251 3092 μύκησι,

463 3093 684 3176 πρωτοτόμυις,
708 3095 732 3155 ὦ
755 3099 814 3156 πᾶν
839 3093 958 3176 αἶσχος,
982 3092 1154 3176 ύπηρετέυι.

338 3179 386 3252 14,
400 3178 469 3240 103.
490 3177 635 3260 Σητίνους
657 3178 809 3245 κώδωνας
833 3178 921 3259 ἐμαῖς
942 3175 1079 3260 χιόνεσσι
1099 3177 1215 3259 δίηνον.

462 3262 516 3330 τὰς
539 3261 568 3325 δ’
593 3261 711 3330 ὀθόνας
727 3261 801 3346 οἴνῳ
823 3262 910 3344 τέγγε
928 3261 1125 3345 χερειοτέριρ.

339 3348 386 3421 14,
401 3348 470 3409 118.
485 3344 812 3429 Μασσαλίηςκαπνοδς
825 3347 1006 3431 χιονώδεσιν
1024 3346 1114 3408 ύδασι
1131 3347 1251 3428 μίσγειν

465 3431 582 3516 φείδεο,
606 3433 653 3493 σοί
675 3429 724 3494 ίνα
747 3432 788 3514 μὴ
812 3431 954 3498 πλείονος
978 3429 1025 3513 εἴη
1048 3431 1140 3514 ύδοιρ.

340 3515 471 3589 14,104.
493 3517 543 3578 καί
565 3514 672 3600 χιόνας
689 3519 791 3578 λινοῦν
815 3515 969 3578 λεπτύνειν
989 3515 1071 3577 οἶδεν
1083 3515 1162 3599 ύφος
1179 3519 1252 3597 μεῖ.
1377 3566 1378 3591 ,

465 3599 654 3746 ψυχρότερον
681 3600 709 3661 δ’
735 3600 818 3683 ὕδωρ
846 3598 882 3661 οὐ
905 3600 973 3666 τεδς
993 3599 1094 3683 ἠθμὸς
1114 3597 1190 3684 ἔχει.

340 3686 387 3758 14,
401 3685 471 3746 117.
496 3706 511 3745 ο
548 3683 654 3768 χιόνας
664 3684 757 3746 πίνειν
774 3685 840 3766 μὲν,
852 3682 928 3767 ἀτὰρ
941 3685 1152 3769 ψυχροσταγὲς
1162 3683 1253 3768 ύδιυρ
