3059 4492
745 472 898 567 ,κο-4-

363 643 454 705 sian
494 639 587 704 Salve
604 640 752 715 Minerva,
775 642 913 700 mummi
928 642 1150 717 protelaris,

363 727 451 787 Bene
468 728 554 799 ades,
576 733 607 784 et
629 735 810 802 opportuna
832 736 865 785 te
886 727 996 803 spoliis
1017 747 1076 805 ego

364 815 506 872 Mactebo
529 811 652 887 opimis,
673 821 800 889 propter
819 813 899 870 hanc
916 811 1063 888 praedam
1083 813 1213 887 quidem.

365 898 419 957 tlt
463 896 564 974 Sapis.
588 897 643 955 sed
663 896 739 955 illud
760 898 840 975 quod
848 917 946 974 sego,
962 917 1055 955 narra
1071 899 1156 956 mihi.

314 971 349 1028 05
365 982 497 1044 Hastam
518 981 655 1040 imbuisti
677 984 827 1060 sanguine
845 983 961 1060 Argivo
981 983 1087 1040 tuam?

365 1070 414 1130 li.
461 1069 503 1128 Et
523 1066 648 1145 gloriari
669 1066 719 1125 fas
743 1069 818 1125 milri
839 1076 897 1139 est,
918 1076 949 1124 et
969 1087 1033 1125 non
1057 1087 1176 1144 negem.

364 1154 418 1213 lli.
460 1153 630 1214 Advorsum
651 1152 777 1212 Atridas
797 1171 910 1229 nempe
930 1152 1055 1211 molinis
1077 1172 1200 1212 manum
1219 1153 1271 1212 eal

364 1240 415 1299 ai.
459 1237 530 1297 Non
551 1237 604 1294 liat
621 1235 685 1296 illis
706 1237 796 1297 ludus
818 1238 901 1295 Aiax
922 1237 1063 1313 amplius.

362 1324 416 1383 lli.
458 1325 567 1382 Actum
590 1329 647 1392 est,
669 1330 703 1378 ut
724 1322 841 1397 inquis:
863 1322 1039 1381 occiderunt
1056 1322 1150 1380 ilicet.

298 1401 349 1457 100
363 1409 414 1468 Αἱ.
463 1406 554 1466 Nunc
573 1405 713 1464 auferant
734 1408 809 1464 mihi
829 1426 915 1464 arma
933 1408 1046 1466 mortui
1065 1425 1146 1464 mea.

363 1493 418 1552 Mi.
462 1490 542 1565 Quid
562 1510 635 1550 vero
657 1491 788 1568 Ulysses
806 1492 861 1550 ille
881 1493 995 1550 Laerta
1018 1492 1127 1551 satus?

364 1575 431 1650 Quo
451 1595 502 1634 res
523 1576 594 1634 loco
613 1575 660 1632 illi
682 1577 751 1635 est?
779 1597 818 1635 an
840 1585 923 1634 tuam
947 1578 1053 1654 effugit
1073 1576 1215 1634 manum?

363 1662 414 1724 ni.
463 1659 629 1722 Sacranae
651 1661 774 1738 volpem
794 1680 851 1737 quo
873 1661 962 1720 sitin
981 1662 1194 1739 staturogasi

363 1747 417 1805 lli.
459 1745 1268 1824 Ipsum‚iuquam,Ulyssemmaletibiinfestumcaput
1345 1802 1346 1809 ,

298 1829 350 1884 105
365 1831 416 1891 Ai.
467 1830 689 1892 Gratissimum
702 1831 783 1890 intus
807 1832 924 1892 assidet
942 1833 1149 1908 spectaculum

366 1914 524 1994 Captivos,
547 1916 648 1993 ipsum
672 1916 753 1992 quod
772 1918 852 1975 mori
872 1917 1003 1974 nondum
1022 1917 1125 1976 velim.

362 2003 416 2062 Mi.
460 1999 794 2078 Quidnampriusquam
804 1999 1270 2079 aggredereiquidfacieslucri?
1345 2020 1346 2065 3

363 2088 413 2147 Αἱ.
460 2086 653 2161 Priusquam·
665 2086 706 2143 ad
723 2087 804 2144 altae
825 2087 963 2145 columen
983 2088 1119 2145 evinctus
1142 2088 1252 2158 domus,

363 2172 416 2232 Mi.
461 2169 622 2244 Quodnam
643 2171 763 2230 misello
785 2171 901 2248 grande
921 2171 1038 2230 moliris
1061 2172 1197 2230 malum?

297 2255 349 2309 110
364 2257 414 2316 Ai.
463 2253 580 2316 Caesus
603 2256 733 2334 flagellis
759 2257 843 2314 efflet
859 2258 992 2314 animam
1011 2256 1151 2332 denique.

364 2341 417 2402 Mi.
460 2339 511 2400 Ne
531 2341 686 2414 miserum,
700 2343 820 2414 amabo,
841 2360 880 2399 ue
894 2343 974 2400 hunc
984 2343 1028 2399 ita
1042 2342 1178 2419 accipias
1189 2340 1268 2400 male.

364 2427 413 2486 Αἱ.
464 2424 595 2502 Sperare
617 2427 649 2485 iu
671 2426 752 2499 aliis,
773 2425 863 2498 Diva,
884 2434 915 2484 te
937 2427 1026 2485 iubeo
1047 2424 1137 2486 be'ne.

365 2509 555 2588 Supplicium
574 2511 613 2570 ad
632 2512 724 2570 istum
743 2512 784 2584 is,
803 2530 861 2568 nec
880 2529 980 2584 secus,
1004 2511 1088 2569 dabit
1109 2511 1240 2570 modum.
1345 2508 1346 2543 ³

363 2597 416 2655 Mi.
459 2594 624 2672 Postquam
646 2597 704 2655 hoc
723 2597 754 2654 in
777 2596 878 2654 animo
901 2603 949 2654 est
971 2605 1019 2671 sat
1035 2596 1091 2654 tibi
1108 2605 1269 2673 acceptum,

297 2675 415 2740 115Ne
436 2697 528 2756 parce
549 2680 683 2754 dextrae,
704 2681 835 2759 cogitata
854 2681 975 2758 perfice.
1154 2682 1269 2758 silicet,
1345 2696 1346 2749 t

364 2765 413 2823 Αἰ.
461 2765 614 2840 Acciugor
636 2765 676 2822 ad
695 2785 777 2824 rem:
799 2774 949 2824 caeterum
970 2765 1082 2824 mando
1105 2768 1174 2840 tibi,
1345 2782 1346 2791 ³

364 2847 407 2910 Ut
424 2848 486 2908 tale
507 2856 646 2924 praestes
670 2868 791 2927 semper
811 2850 958 2909 auxilium
978 2851 1061 2908 mihi.

363 2934 416 2994 Mi.
459 2933 565 3007 Vides,
586 2933 710 3010 Ulysse‚
729 2936 791 2994 vim
811 2935 955 3008 Deorum,
978 2944 1091 3011 quanta
1110 2935 1174 2994 sict

362 3018 434 3078 Hoc
451 3019 575 3078 homine
597 3038 697 3077 rerum
720 3021 789 3096 quis
811 3021 868 3079 fuit
887 3021 1065 3093 consultior,

295 3098 347 3153 100
363 3104 421 3164 Vel
441 3103 547 3162 melior
569 3105 697 3164 antehae
720 3113 829 3182 coepta
847 3112 964 3185 mature
986 3105 1117 3180 exequi?

280 3215 286 3236 ν
362 3189 429 3249 Ul.¹
456 3187 569 3249 Nullus
592 3190 711 3265 quidem
733 3191 862 3248 antehac
869 3211 878 3260 3
898 3189 1031 3265 mihique
1052 3189 1262 3248 miseritudiue

363 3271 537 3334 Commovit
558 3275 702 3348 animum,
724 3293 895 3351 quanquam
915 3275 1049 3349 iniquior
1069 3275 1145 3332 milri
1166 3283 1225 3345 est,

363 3357 449 3432 Quod
469 3358 524 3417 toli
546 3359 707 3418 inhaerens
726 3360 794 3437 ipse
813 3360 961 3418 conflictet
981 3359 1069 3418 malo.

362 3441 429 3502 Neo
449 3444 532 3503 illius
553 3464 630 3518 rem,
650 3463 740 3519 quam
761 3463 871 3518 meam,
895 3452 999 3521 specto
1021 3445 1131 3521 magis.

296 3524 346 3578 115
363 3525 418 3586 Nil
440 3535 539 3587 certus
562 3529 644 3588 aliud
667 3547 827 3603 essenos,
849 3549 939 3605 quam
960 3530 1081 3589 somnia

361 3611 596 3690 imaginantem,
619 3621 671 3672 aut
692 3633 821 3691 corpora
843 3617 949 3674 umbra
968 3615 1081 3673 inania.

361 3695 414 3756 Mi.
458 3696 539 3774 Ergo
558 3699 678 3758 cavebis
702 3700 779 3758 haec
796 3700 914 3775 videns,
937 3700 1130 3759 temerarium
