3059 4492
677 492 829 586 -lt-

291 662 404 721 Iliadis
426 661 514 739 digiti
531 661 706 736 impetentis
727 661 835 720 iatum:

292 748 336 808 Ut
362 747 478 823 eampis
498 765 577 820 equa
595 747 685 804 trima
706 746 785 804 ludit
806 746 876 804 olim

292 832 389 892 Motis
413 851 485 890 aera
505 831 640 890 calcibus
660 831 828 890 lacessens.

292 923 344 976 An
366 917 449 992 quod
470 916 591 993 legibus
613 917 755 976 omnibus
776 916 905 986 solutus,

291 1001 456 1060 Puellaria'
473 1002 609 1059 membra
631 1001 821 1078 pervagaris,

293 1088 402 1162 Usque
424 1085 567 1162 Cypridis
590 1085 629 1144 ad
648 1087 739 1144 beata
758 1105 864 1164 regna,

292 1173 426 1247 Impune
445 1171 605 1230 insinuans
627 1172 741 1230 amoris
766 1171 838 1228 almi

292 1256 430 1317 Seoretis
452 1256 564 1333 adytis,
583 1273 763 1330 samumque
781 1256 874 1314 limen

291 1342 460 1413 Insistens,
483 1340 564 1416 quod
582 1343 621 1399 ab
637 1341 779 1400 omnibus
801 1339 940 1417 profanis

291 1427 335 1486 Et
352 1427 438 1502 tangi
459 1426 570 1498 scelus,
594 1434 624 1484 et
645 1426 733 1484 nefas
756 1426 873 1484 videri?

292 1511 357 1570 Hie
378 1518 411 1568 tu
432 1511 544 1568 ianitor
566 1512 712 1583 excubas,
736 1519 767 1568 et
788 1511 886 1587 ipsam

293 1600 419 1656 Aureae
440 1595 569 1654 Veneris
592 1596 685 1655 tueris
708 1615 802 1654 aram.

294 1682 398 1756 Quam
420 1689 524 1739 sancte
546 1680 602 1738 tibi
622 1681 745 1740 tradidit
762 1679 905 1738 tuendam

291 1768 334 1826 Et
353 1766 458 1824 ridens
481 1767 597 1839 Venus,
621 1773 651 1823 et
670 1785 748 1842 puer
769 1765 895 1842 Cupido.

250 1907 256 1916 ,
293 1851 382 1909 Tene
403 1858 578 1927 propterea,
605 1872 622 1908 o
645 1859 774 1910 venuste
795 1850 905 1922 Palox,

292 1936 382 1994 Tene
403 1953 574 2012 prosequar
594 1954 687 1994 aurea
706 1935 853 1994 camena?

294 2021 384 2079 Tene
406 2021 465 2079 hoe
487 2021 609 2078 nomine
630 2021 802 2097 praedicem
825 2022 957 2088 beatum,

291 2105 443 2164 Pulioelle
465 2106 562 2182 niger,
584 2105 696 2182 nigella
716 2106 836 2164 Pulex?

292 2190 384 2250 Non:
407 2190 462 2248 sed
483 2190 566 2265 quod
587 2191 681 2250 nimio
705 2198 757 2249 tuo
780 2191 886 2267 lepore

293 2276 355 2334 Tot
381 2276 467 2336 solus
489 2275 565 2334 faois
589 2283 619 2334 et
639 2276 723 2354 paris
748 2277 872 2346 Poetae,

295 2362 436 2436 Quorum
457 2361 608 2434 cantibus,
630 2380 802 2436 aureaeque
822 2361 945 2436 linguae

293 2447 385 2504 Vena
406 2445 510 2517 divite,
532 2447 670 2504 versibus
694 2446 827 2518 canoris,

292 2529 482 2589 Immortalis
504 2530 577 2602 eris,
598 2531 708 2606 diuque
730 2532 825 2590 vives.

292 2615 378 2676 Nam
397 2615 479 2684 dum,
499 2616 615 2691 pumile
634 2616 783 2692 pumilille
805 2615 915 2685 Pulex,

294 2701 417 2759 Haeres
438 2699 589 2776 pendulus
611 2701 642 2759 in
665 2702 735 2760 sinu
757 2699 879 2778 puellae

294 2785 407 2844 Novus
428 2785 567 2862 Pegasus
589 2787 620 2843 in
642 2806 723 2845 nova
744 2786 953 2862 Hippocrene,

294 2872 323 2929 Ii
345 2889 452 2929 morsu
473 2878 539 2943 tuo,
561 2881 595 2928 ut
613 2872 728 2948 ungula
748 2891 789 2929 ex
812 2869 932 2944 equina,

294 2955 465 3014 Fluxerunt
484 2955 591 3014 latices
611 2956 740 3029 Poetioi,
764 2956 833 3014 dein

274 3052 276 3055 “
296 3041 359 3100 Tot
378 3048 450 3098 sunt
466 3041 601 3100 earmina
623 3050 706 3114 nata,
729 3049 775 3100 tot
795 3041 920 3099 Poetae.

296 3210 326 3269 7.
374 3209 482 3268 Catulli
498 3211 730 3286 hendecasyllabi
753 3210 800 3267 De
820 3210 909 3269 Acme
933 3221 960 3269 et
986 3210 1124 3287 Septimio
1143 3209 1211 3286 [tt]
1260 3251 1261 3254 η

562 3297 691 3354 amadus
713 3297 799 3372 alapia
821 3299 956 3372 expressi.

294 3382 414 3438 Acmen
439 3377 605 3455 Septimius
626 3389 749 3439 teneros
774 3381 948 3458 complexus
971 3397 1102 3450 amores,

339 3465 369 3524 Ο
387 3467 494 3536 Acme,
518 3484 587 3522 mea
611 3466 677 3537 lux,
704 3465 906 3540 deliciumque
929 3484 1040 3536 meum,

293 3548 339 3607 Ni
360 3549 473 3608 misere
494 3557 535 3622 te,
556 3551 644 3624 dixit,
668 3571 747 3625 amo,
770 3553 802 3609 ni
824 3550 941 3628 perdite
965 3567 1067 3607 amare

338 3633 490 3710 Disoupio
514 3636 593 3694 vitae
616 3645 735 3712 tempus
758 3637 791 3694 in
813 3625 1019 3708 omne'meae,

295 3719 455 3794 Quantum
476 3720 526 3794 qni
548 3722 631 3798 potis
651 3729 698 3780 est
717 3722 826 3797 ospitis
847 3719 1010 3778 discrimen
1032 3718 1126 3787 adire,
