3059 4492
740 508 893 604 Lm..

360 671 397 738 Εἰ
421 673 461 755 μὴ
487 671 591 734 δύναιο
615 673 699 757 βοῦν,
723 670 834 735 ἔλαυν’
855 671 941 754 ὅμως
959 666 1040 731 ὄνον.

360 757 399 823 Εἰ
421 757 462 840 μὴ
487 756 631 840 φυλάξεις
652 754 689 818 τὰ
713 757 793 841 μίκρ’
817 757 945 822 ἀπολεῖς
964 752 1001 814 τὰ
1028 753 1165 835 μείζονα.

360 841 399 907 Εἰ
419 841 509 924 τυρὸν
534 840 630 926 εἶχον,
657 841 713 903 οὐκ
736 840 771 903 ἂν
793 840 870 924 ὄψον
894 837 1080 901 ἐπεπόθουν.

360 925 502 991 Εἴδωλον
528 923 625 1009 ἔργων
649 925 726 988 ἐστὶν
751 925 918 1008 ἀνθρώπου
941 920 1041 1003 λόγος.

360 1009 440 1093 Είλη
470 1032 490 1071 α
514 1009 707 1093 τυρόκνηστιν
732 1010 904 1076 ἀπωλεκὼς
925 1006 1025 1070 πόλιν.

361 1093 416 1162 Εἰς
439 1093 646 1161 ασθενοῦντας
668 1093 807 1156 ἀσθενῶν
832 1092 982 1176 ἐλήλυθα.

361 1177 416 1246 Εἰς
439 1180 561 1241 δεῖπνον
584 1177 681 1261 ἄνδρα
703 1179 754 1241 τδν
780 1175 955 1262 Κυρηναῖον
975 1177 1089 1243 καλεῖς.

362 1262 416 1331 Εἰς
438 1262 542 1344 θλμονΔ
558 1263 641 1346 ύδωρ
665 1262 776 1347 ἐγχέας
796 1264 937 1346 πληττεις
956 1258 1049 1345 ἔχων.

362 1346 417 1414 Εἰς
438 1344 492 1414 τὰς
515 1347 669 1430 μαχαίρας
690 1347 884 1431 ἠκονημένας
904 1347 1019 1409 πεσών.

362 1429 417 1498 Είς
436 1429 490 1497 τὰς
513 1431 651 1514 μελίττας
674 1431 781 1515 ἀγρίας
802 1432 976 1513 ἐκώμασας.

362 1513 418 1582 Εἰς
438 1513 491 1580 τὰς
512 1516 631 1598 ὁμοίοις,
654 1517 736 1599 φιλε,
758 1517 857 1600 λαβὰς
881 1515 1044 1600 ἐλήλυθας.

358 1597 415 1663 Ἐκ
437 1601 551 1667 παντὸς
567 1596 686 1682 Ἑρμῆς
706 1600 742 1662 ού
765 1600 912 1683 γενηθείη
933 1599 1036 1669 ξύλου.

362 1681 417 1747 Ἐκ
439 1687 493 1744 τοῦ
519 1682 592 1767 βοδς
614 1686 664 1746 δεῖ
682 1684 754 1752 τοὺς
777 1687 903 1768 ἱμάντας
926 1684 1103 1768 λαμβάνειν.

362 1765 418 1830 Ἐκ
440 1770 495 1829 τοῦ
519 1769 592 1852 όρηῖν
615 1767 672 1851 γὰρ
695 1768 786 1850 γίνετ’
812 1770 987 1854 ἀνθρώποις
1008 1768 1091 1851 έρφῖν.

357 1849 510 1919 Ἕκαστος
527 1853 617 1935 ἡμῶν
641 1853 677 1915 ού
699 1851 823 1936 γέγονεν
848 1855 932 1938 αύτῷ
953 1852 1056 1935 μόνον.

360 1935 449 2000 Ἐκεῖ
470 1935 630 2020 βλέπουσα
655 1936 740 2022 δεῦρ’
767 1939 844 2001 ἀνίει
866 1938 893 2000 τ’
918 1937 1030 2020 ἀγαθὰ.

309 2032 312 2040 “
356 2019 689 2104 ἝκητιΣυλοσῶντος
711 2022 898 2108 εὐρυχωρία.

359 2103 479 2189 Ἐκυψε
504 2111 575 2188 σιγ“
593 2111 726 2190 πρῶτον,
752 2110 851 2192 ὥςπερ
876 2103 1029 2190 Τήλεφος.

363 2186 537 2273 Ἐλευθέρα
552 2131 715 2275 λόρκυρα.
741 2192 809 2277 χεῦ’
837 2193 916 2254 όπου
934 2190 1045 2259 θέλεις.

361 2274 453 2357 Ἐμοὶ
475 2275 509 2336 δὲ
533 2277 612 2359 λῷον
637 2277 713 2358 αἷμα
736 2278 877 2361 ταύρειον
901 2281 991 2337 πιεῖν.

361 2358 454 2440 Ἐμοὶ
475 2361 604 2442 μελήσει
622 2366 718 2424 ταῦτα
737 2363 789 2424 καὶ
809 2365 934 2428 λευκαῖς
954 2359 1069 2444 κόραις.

362 2443 463 2523 Ἐμοῦ
487 2443 635 2512 θανόντος
653 2450 726 2527 γαῖα
749 2446 889 2530 μιχθήτω
912 2445 994 2528 πυρί.

361 2526 513 2609 Ἔμπορε,
534 2531 756 2593 κατάπλευσον.
777 2530 895 2599 ἐξελοῦ.
917 2531 1114 2613 πεπράσεται.

365 2610 417 2676 Ἐν
439 2611 508 2695 ἀέρι
528 2635 561 2674 τε
582 2614 633 2676 καὶ
654 2613 757 2697 δρόσῳ
782 2616 969 2697 σιτούμενος.

365 2693 417 2759 Ἐν
440 2702 481 2779 γη
504 2695 653 2758 πένεσθαι
677 2701 805 2780 μᾶλλον,
828 2700 847 2781 ἢ
871 2700 1063 2761 πλουτοῦντα
1084 2699 1183 2760 πλεῖν.

366 2779 417 2844 Ἐν
442 2781 523 2842 νυκτὶ
542 2781 638 2866 βουλὴ
663 2787 727 2851 τοῖς
753 2788 877 2868 σοφοῖσι
897 2783 1019 2864 γίνεται.

359 2862 417 2928 Ἓν
442 2865 492 2926 δεῖ
512 2865 541 2925 σ’
560 2863 688 2928 ἑλέσθαι
704 2871 764 2929 τῶν
785 2872 875 2951 τριῶν
901 2865 1112 2949 Θηραμένους.

366 2947 418 3013 Ἐν
442 2949 524 3011 νυκτὶ
546 2951 697 3034 λαμπρὸς,
717 2951 749 3013 έν
774 2953 848 3036 φάει
873 2951 903 3015 δ’
927 2951 1100 3055 ἀνωφελὴς.

366 3032 420 3099 Ἐν
443 3033 532 3096 παντὶ
557 3033 645 3118 μύθῳ
666 3036 770 3100 καὶτὸ
790 3037 949 3100 Δαιδάλου
973 3057 1077 3118 μυσος.

366 3117 420 3184 Ἐν
441 3121 607 3202 πλησμονῇ
630 3121 664 3182 δὲ
683 3118 811 3204 Κύπρις,
834 3122 865 3183 ἐν
886 3127 1015 3184 πεινῶσι
1035 3119 1063 3181 δ’
1083 3117 1129 3181 ού.
1152 3157 1157 3166 ·

367 3201 419 3267 Ἐν
442 3207 505 3272 τοῖς
526 3203 675 3286 ἀμούσοις
697 3207 748 3268 καὶ
765 3202 908 3289 Κόρυδος
929 3205 1104 3290 φθέγγεται.

367 3286 419 3352 Ἐν
442 3293 507 3356 τοῖς
528 3290 665 3358 κολοιοῖς
693 3291 733 3373 μὴ
759 3290 895 3372 ἀρίστευ’
916 3289 1015 3358 ἀετός.

367 3370 420 3436 Ἐν
443 3379 488 3458 τῷ
510 3373 597 3457 μέρει
619 3375 662 3442 τῖς
680 3376 732 3438 καλ
754 3377 789 3438 τὸ
813 3381 873 3461 πῦρ
892 3376 1102 3438 σκαλευσοίτον.

368 3454 420 3519 Ἔν
445 3464 489 3543 τῷ
510 3459 592 3543 πίθῳ
609 3463 662 3541 τῆν
683 3461 851 3544 κεραμικην
874 3462 1069 3541 διδάσκομαι.

363 3537 495 3604 Ἔνεισιν
521 3544 552 3606 ἐν
578 3544 707 3607 δειλοῖσι
731 3543 896 3626 κάνανδροι
917 3543 1014 3625 λόγοι.

365 3621 486 3689 ’Ένεστι
505 3624 560 3710 κᾷν
581 3628 717 3711 μύρμακι
734 3607 789 3711 κηλν
814 3629 920 3712 σέρφῳ
963 3627 1031 3688 ολά.

365 3706 457 3773 Ἔνθ’
483 3709 554 3773 οὔτε
576 3711 692 3794 μίμνειν
716 3711 839 3793 ἄνεμος,
862 3651 1076 3774 οὔτ’γῖκπλεῖν
1096 3708 1144 3791 ἐᾷ.
