3059 4492
1381 496 1500 558 119
1612 471 1618 478 ’

527 660 779 719 Latrare
821 679 950 721 mos
995 663 1155 722 hunc
1191 666 1374 743 cogit,
1425 665 1486 724 at
1527 667 1737 728 feritas
1787 688 1943 727 eum.

528 831 626 889 35.
712 831 944 891 Famae
993 834 1208 892 beatus
1249 837 1351 911 qui
1390 835 1729 912 supervixit
1773 855 1944 911 suae,

525 916 782 994 Illisque
820 918 1038 976 meruit
1076 919 1377 978 interesse
1419 920 1725 994 laudibus,

527 999 692 1074 Quas
737 1001 864 1060 vita
900 1022 1022 1061 non
1062 1004 1185 1076 dat,
1226 1004 1407 1063 funus
1449 1023 1521 1062 ac
1560 1006 1713 1064 cinis
1757 1006 1986 1066 darent.

523 1086 719 1146 Bonis
761 1086 990 1161 liceret,
1039 1089 1092 1147 si
1131 1089 1344 1147 liceret
1387 1108 1501 1165 per
1546 1091 1763 1164 malos,

526 1171 700 1231 Vivis
747 1179 971 1250 negata
1010 1173 1210 1250 gloria
1250 1175 1406 1233 vivis
1452 1175 1590 1233 frui.

527 1255 649 1316 Sed
693 1257 747 1315 si
782 1258 1076 1315 bonorum
1116 1259 1339 1317 iudicia
1377 1259 1452 1316 de
1495 1279 1593 1317 me
1635 1261 1755 1318 mei

527 1341 818 1400 Tardavit
865 1343 1000 1401 aevi
1039 1345 1199 1403 livor
1239 1363 1312 1401 ac
1346 1344 1717 1422 malignitate,

525 1428 725 1485 Meam
765 1427 1088 1501 loquentes
1135 1430 1384 1506 gloriam
1425 1430 1747 1506 nepotibus

526 1512 816 1571 Iniuriam
859 1512 1077 1570 horum
1123 1532 1238 1573 non
1285 1515 1572 1572 tacebunt
1613 1515 1865 1591 posteri.

528 1682 624 1742 36.
721 1679 1132 1759 Quaecunque
1177 1692 1238 1740 et
1279 1691 1439 1743 artes
1485 1684 1843 1757 moliuntur,
1879 1692 1940 1741 et
1980 1684 2142 1760 parit

524 1766 781 1839 Natura,
826 1785 994 1825 mors
1034 1769 1185 1825 haec
1227 1768 1511 1826 vindicat.
1562 1777 1726 1839 stant
1766 1778 1833 1827 ut
1869 1774 2076 1827 ruant:

525 1851 770 1924 Vivant,
814 1859 881 1909 ut
923 1852 1161 1911 obeant.
1202 1853 1416 1912 ultimo
1463 1854 1799 1913 discrimini

528 1934 814 1998 Servatur
849 1937 1031 1996 orbis.
1089 1937 1316 1997 Omnia
1356 1940 1420 1997 in
1467 1938 1755 1996 mundum
1780 1938 2024 1996 'cadunt

527 2020 826 2082 Casurum
871 2030 932 2080 et
977 2023 1200 2099 ipsum,
1245 2042 1362 2082 non
1411 2024 1735 2081 habentem
1772 2041 1889 2098 quo
1937 2022 2130 2079 cadat.

525 2193 622 2250 37.
717 2191 936 2251 Omnis
986 2193 1211 2268 cupido
1254 2193 1473 2266 laudis,
1524 2191 1722 2250 omnis
1771 2190 2052 2263 ambitus,

523 2276 806 2338 Pruritus
845 2277 1035 2334 animi
1082 2287 1176 2336 est
1218 2278 1558 2336 febrientis.=
1594 2275 1844 2336 Gloriae

525 2360 919 2438 contemptor
957 2362 1217 2435 animus,
1263 2364 1452 2421 maior
1493 2362 1656 2421 omni
1701 2359 1911 2438 gloria
1931 2367 2048 2417 est.
2113 2378 2125 2392 ·

524 2533 624 2592 38.
717 2525 1124 2607 Quaecunque
1165 2531 1345 2590 luxus
1392 2530 1615 2589 artifex
1658 2529 1965 2606 superflua

523 2617 934 2717 Excogitavit
953 2617 1086 2675 esui
1121 2625 1299 2692 atque
1339 2616 1606 2673 indutui·
1593 2657 1607 2685 ‚

529 2703 702 2778 Quae
749 2692 936 2760 nauta
961 2720 1219 2800 avarus,
1260 2701 1554 2778 prodigus
1595 2701 1755 2758 vitae
1799 2718 1968 2773 suae,

525 2787 751 2846 Procul
790 2763 1007 2864 petivit
1038 2787 1226 2865 longa
1267 2804 1381 2863 per
1429 2785 1802 2857 discrimina,

525 2872 702 2931 Vitae
747 2879 1042 2959 parantur
1074 2872 1296 2944 omnia,
1338 2878 1404 2928 et
1439 2870 1625 2928 vitam
1666 2877 1948 2928 atterunt.

524 3041 624 3099 39.
719 3038 986 3100 Conviva
1021 3025 1141 3118 fl'ge
1177 3041 1351 3116 potui
1386 3041 1644 3115 primum
1686 3039 1947 3112 modum,

525 3123 698 3198 Quod
743 3134 838 3183 est
880 3117 1163 3196 nec'esse3
1209 3126 1580 3202 proximum,
1624 3124 1781 3201 quod
1824 3132 1920 3182 est
1961 3122 2131 3184 satis.

523 3209 631 3268 Nil
677 3218 774 3269 sat
806 3210 1006 3268 bibaci
1045 3217 1160 3284 est,
1215 3210 1423 3269 sobrio
1469 3208 1571 3286 ιι11
1601 3218 1696 3268 est
1734 3227 1963 3285 parum.

528 3379 626 3437 40.
716 3380 957 3438 Morum
1000 3380 1299 3439 malorum
1346 3379 1708 3454 pestilentus
1757 3377 2003 3453 spiritus

529 3461 671 3525 Sive
715 3464 921 3537 adflat,
965 3467 1187 3537 aufert3
1230 3466 1385 3524 sive·
1409 3464 1673 3540 stringit,
1715 3461 1923 3520 inficit.

527 3547 623 3607 Ne
662 3549 823 3608 forte
860 3557 933 3607 te·
963 3550 1104 3610 ullis
1150 3550 1364 3608 allinat
1407 3548 1702 3624 contagiis
1791 3599 1792 3602 ,

527 3633 804 3694 Pruritus
849 3635 1091 3710 aliquis,
1133 3635 1258 3693 tale
1297 3632 1751 3692 contubernium

530 3717 736 3778 Vitare
776 3739 1054 3796 propera.
1098 3737 1360 3796 namque
1399 3719 1452 3778 si
1496 3735 1700 3776 mores
1748 3714 1947 3774 malos
