3059 4492
682 479 833 575 jug

301 651 339 695 est
360 643 479 711 eopnatio
505 643 573 694 inter
593 643 622 704 ll,
653 652 677 692 et
695 646 727 697 G.
775 646 820 695 Sia
845 648 937 711 ingens
962 662 995 695 ee
1021 648 1123 707 inuans,
1147 647 1227 713 quod.

300 712 400 764 seilicet
421 714 518 764 censeri
532 728 584 762 non
597 719 681 780 potest
692 731 739 764 nee
752 715 895 764 aestimari.
924 714 969 764 Sic
979 715 1050 782 apud
1062 714 1216 776 Varronem,

301 783 399 832 eitante
425 781 527 841 Nonio,
555 782 617 846 quia
644 783 677 831 ad
703 784 828 832 amussim
852 785 896 832 diu
913 799 978 846 gens
997 791 1134 834 nouerat:
1162 782 1218 849 lepe

291 851 428 914 .Duigens.
454 850 522 916 quod
540 857 577 898 est
596 849 743 902 Diuoensue
768 852 839 918 opud
858 852 970 912 Festum,
997 859 1113 902 etvetus
1135 851 1217 903 Glos-

302 919 402 969 sarium
423 919 514 968 Sancti
535 919 665 969 Germani.

338 987 449 1037 Teniree
467 994 526 1038 sunt
546 987 626 1048 Deae,
647 1004 711 1054 quus
727 988 817 1037 Festus
831 988 870 1037 ait
890 1004 908 1036 a
918 988 1035 1038 Tenuira
1045 988 1085 1038 ita
1098 995 1216 1038 uocatas.

302 1055 346 1105 lta
363 1055 458 1105 Furias
478 1055 671 1106 nominavimus.
704 1056 756 1106 Sed
772 1064 870 1106 veteres
886 1064 948 1123 puto
970 1057 1067 1106 dixisse
1083 1057 1216 1119 Tesniras,

301 1132 331 1174 ut
349 1124 456 1186 Cesnas,
474 1133 498 1173 et
515 1125 623 1185 PesnaS‚
644 1133 668 1174 et
682 1124 807 1192 pleraque
828 1126 959 1177 eiusmodi.
983 1125 1077 1192 ltaque
1091 1126 1223 1176 Tesnirno·

302 1201 377 1242 erunt
395 1193 544 1263 τισάνειραι,
567 1210 633 1259 qune
648 1191 758 1242 homines
776 1194 895 1260 puniunt.
944 1190 946 1197 '

322 1261 354 1312 16
389 1262 499 1312 Telamo
518 1279 562 1310 seu
581 1262 709 1323 Tellumo,
726 1262 793 1312 idem
811 1270 856 1311 est.
884 1263 951 1324 (laos
971 1261 1068 1310 Graeci
1087 1258 1218 1318 ἄτλαντας

302 1329 373 1400 παρὰ
399 1327 429 1380 τὸ
447 1328 537 1399 τλῆναι
557 1339 698 1391 vocarunt,
729 1347 771 1380 eos
797 1329 886 1380 Latini
911 1331 1076 1380 Telamones.
1118 1329 1170 1378 Sed
1188 1337 1220 1379 ut

301 1397 422 1466 τελαμὼν
445 1399 573 1450 Graecum
592 1398 662 1468 παρὰ
677 1397 706 1449 τὸ
724 1397 799 1468 τλᾷν.
816 1401 896 1449 itaet
913 1399 1031 1448 Tellamo
1051 1397 1122 1465 apud
1146 1397 1224 1447 Var-*

302 1483 407 1527 ranem,
434 1468 531 1517 aitante
553 1465 713 1533 Aupustino‚
743 1469 858 1534 quamuis
886 1485 919 1516 ea
945 1465 1047 1516 Tellure
1071 1467 1217 1527 deductum,

303 1536 379 1602 quasi
399 1531 495 1605 χθονὸς
517 1531 586 1592 θεὸς,
609 1545 693 1585 tumen
711 1544 748 1584 est
768 1537 943 1603 idemipsum,
962 1543 987 1584 et
1008 1535 1112 1585 eandem
1133 1536 1219 1602 oripi-

302 1621 358 1654 nem
379 1603 467 1655 loalret:
489 1604 558 1652 Nam
577 1611 601 1652 et
623 1605 713 1654 Tellus
731 1606 791 1670 ipsa
809 1605 862 1654 sioe
880 1605 999 1654 Tellumo
1018 1603 1088 1674 παρὰ
1100 1602 1219 1672 τὸτλᾷν.

302 1671 345 1722 ιιι
363 1678 392 1721 ut
417 1673 547 1720 oetusslmi
566 1672 661 1724 Graeci
679 1671 775 1723 τελάω.
811 1673 877 1722 unde
895 1674 948 1723 telo
965 1671 1129 1732 Latinorum,
1151 1673 1220 1740 quod

302 1741 413 1808 posteris
432 1740 528 1790 dietum
547 1739 637 1790 Tollo:
664 1742 699 1802 E,
719 1743 747 1790 in
763 1742 789 1790 *0
808 1749 837 1791 ut
856 1743 942 1802 Elem,
961 1742 1046 1791 olera:
1071 1743 1219 1802 homonem,

303 1811 454 1871 homonem3
471 1817 518 1859 eto.
540 1817 565 1858 et
579 1810 712 1876 peminata
733 1819 897 1860 consonante.
914 1827 976 1860 narn
994 1818 1091 1860 ueteres
1108 1827 1161 1860 non
1169 1828 1220 1876 pe-

302 1876 437 1928 minabaut
455 1887 632 1928 consonantes.
670 1879 737 1940 Quin
756 1887 781 1928 et
802 1881 885 1946 ipsum
905 1879 1064 1928 Graeaomm
1084 1879 1220 1945 antiquum

303 1944 401 2004 τελάω,
418 1948 581 2014 pereprinum
601 1955 655 2009 est‚·
672 1956 710 1997 est
727 1947 802 2008 enim,
823 1955 852 1996 ut
869 1948 973 2013 infinita
985 1946 1051 2008 alia,
1065 1947 1221 2013 eaSyriaca

304 2017 403 2083 linpua.
422 2033 482 2065 nam
498 2017 526 2066 in
546 2031 576 2066 eu
590 2017 641 2066 Tal
661 2025 699 2065 est
716 2015 792 2085 τλᾷν.
809 2024 838 2064 ut
856 2015 902 2086 ἔρα
915 2017 1026 2081 Syriaco
1045 2033 1097 2078 era,
1115 2015 1219 2066 Arabes

303 2093 328 2135 et
346 2084 458 2135 Hebraei
476 2086 538 2136 Erd.
558 2102 606 2151 quo
625 2086 725 2134 nomine
743 2101 828 2134 omnes
844 2102 909 2150 pene
925 2085 965 2134 ita
979 2093 1083 2135 uocant.

321 2153 337 2202 ‘l
373 2154 538 2204 Ambarvalis
555 2154 688 2220 Neptunus
709 2153 778 2220 quod
796 2153 895 2203 ambiat
912 2171 986 2203 arsa.

321 2221 338 2272 3
373 2223 509 2287 Empanda
528 2239 577 2289 pro
592 2223 692 2274 Cerere.
716 2223 800 2272 Varro
811 2223 882 2288 opud
891 2221 1072 2288 Aupustinum,
1086 2229 1111 2270 et
1120 2221 1220 2271 Festus.

322 2289 339 2338 4
374 2290 422 2339 Dis
440 2309 472 2340 ea
492 2292 592 2342 Graeco
615 2289 674 2347 δεὺς
693 2309 742 2358 pro
763 2290 829 2350 ζεῦς.
852 2291 919 2340 unde
936 2292 1039 2358 patrius
1062 2307 1137 2341 casus
1156 2287 1221 2346 διός.

307 2357 378 2409 Unde
399 2359 498 2410 Diiovis
522 2359 592 2426 apud
612 2359 762 2410 Varronem.
784 2367 875 2426 postea
895 2360 920 2409 D
942 2361 1033 2427 periit,
1057 2367 1087 2410 ut
1106 2360 1220 2418 Dianas,

304 2428 390 2478 lanus.
416 2429 484 2478 unde
503 2428 589 2478 Diana
611 2429 706 2478 mansit
730 2428 801 2498 παρὰ
823 2427 853 2479 τὸ
874 2427 938 2479 δῖον,
963 2428 1017 2478 Νοι
1040 2429 1068 2477 in
1094 2427 1171 2487 love,
1191 2435 1221 2477 ut

305 2497 383 2546 etlam
398 2496 427 2546 in
444 2497 530 2546 multis
549 2498 624 2558 aliis,
651 2514 806 2548 communem
831 2498 973 2564 opinionem
990 2497 1073 2546 secuti
1095 2513 1181 2546 sumus
1203 2513 1222 2545 a

281 2565 282 2568 ’
304 2566 429 2617 luvand0.

322 2633 339 2682 4
373 2635 499 2694 Februa,
520 2642 557 2682 est
578 2652 595 2683 a
618 2635 718 2686 Graeco
740 2633 883 2706 φοιβάζειν.
905 2633 1036 2704 φοίβερος.
1075 2633 1120 2682 lta
1139 2633 1221 2699 ipitur

304 2701 434 2752 Plooelum
453 2703 583 2751 vertimus.

323 2769 340 2820 6
374 2769 650 2831 Nerienes‚o1avorus
671 2788 818 2836 oopnomen.
839 2770 962 2820 Sabinum
975 2767 1221 2848 vocabulum‚nupo'1

305 2836 334 2889 τὸ
354 2842 441 2908 νεῦρα.
461 2837 611 2904 Aliquando
628 2838 730 2889 uidetur
740 2841 889 2905 significare
895 2840 977 2889 Deam
988 2839 1105 2889 comitem
1115 2837 1221 2889 Mareu.

304 2908 397 3025 ltapue
414 2915 534 2972 putamus
553 2906 619 2956 nillil
639 2924 691 2956 esse
709 2925 787 2974 quam
802 2906 908 2978 νηρεΐδα
924 2908 966 2957 uel
979 2907 1104 2977 νερεῐνην.
1125 2906 1223 2956 Nerine

309 2977 350 3028 Ga
363 2984 431 3028 ntea.

321 3045 338 3095 7
374 3046 504 3094 Pamnda.
525 3044 609 3094 Varro
629 3043 699 3111 apul
716 3043 897 3110 Aupustinum,
920 3044 1016 3094 Graeci
1030 3038 1153 3094 εἰλίθυιαν
1172 3059 1222 3091 oo-

305 3123 368 3164 cant
392 3112 462 3182 παρὰ
481 3113 527 3183 τὴν
547 3111 655 3164 ἔλευσιι.
685 3113 753 3179 quod
775 3113 856 3176 facile
876 3114 984 3163 accedat
1001 3112 1122 3162 iuvandis
1138 3127 1222 3178 puer-

303 3184 384 3251 peris,
403 3182 445 3232 ael
463 3181 531 3247 quod
547 3181 628 3245 focile
645 3182 714 3232 eiam
733 3181 776 3230 olet
791 3183 891 3248 partui,
913 3181 962 3232 loeo
981 3182 1017 3231 ad
1034 3179 1140 3230 oerlum
1157 3188 1223 3229 esset

305 3252 400 3302 Latine
413 3251 524 3313 Venilia,
536 3268 601 3316 quoe
613 3259 650 3300 est
661 3267 678 3300 a
693 3250 825 3311 partiendo,
844 3258 873 3299 ut
884 3251 923 3300 ait
936 3250 1036 3301 Varro:
1055 3249 1101 3298 sed
1115 3247 1222 3298 aliaest

305 3321 371 3372 Dea.
389 3320 444 3370 Nos
462 3336 513 3368 non
532 3319 680 3386 respicimus
697 3327 839 3386 potestates
853 3336 943 3370 veorum
958 3319 1098 3379 numinum,
1115 3318 1162 3368 sed
1171 3334 1223 3367 no-

305 3389 376 3438 mina
398 3395 505 3438 tantum.
524 3387 684 3441 lnooealont
702 3395 726 3437 et
741 3388 918 3438 Nummeriem
929 3390 1023 3448 Deam,
1042 3394 1072 3436 ut
1082 3387 1123 3436 ait
1136 3385 1223 3436 Varro

306 3457 344 3506 De
365 3456 451 3506 liberis
471 3456 618 3517 educandis,
637 3456 705 3523 quod
720 3472 827 3506 numero
842 3474 891 3522 pro
900 3458 1005 3528 ταχέως
1018 3455 1116 3506 dieunt.
1133 3455 1225 3522 itaque

306 3524 353 3576 τ“ν
371 3522 508 3576 mximum
527 3525 705 3574 Nummeriam
723 3524 855 3576 vertimus.
1057 3567 1070 3587 ,.

322 3543 341 3644 3
375 3595 455 3642 Vitae
474 3600 534 3642 suut
551 3592 689 3659 nymphae,
710 3601 739 3644 ut
758 3592 824 3643 alili
844 3613 877 3644 ee
899 3594 976 3644 Festo
994 3592 1121 3652 (linimus,
1148 3589 1224 3657 quusi

306 3657 445 3733 χλωρίὸες.
466 3661 654 3725 Querquetulae
676 3659 793 3732 δρυάδες.
