3059 4492
778 488 906 598 74δ

724 624 875 634 ——-...

346 701 506 763 Gallorum
526 706 643 765 furiana
666 709 785 766 animos
809 708 948 766 civilibus
971 707 1025 766 iris

346 788 446 865 Impia
464 789 639 866 Tisiphone.
660 793 769 851 Flebat
789 792 950 850 Provincia
969 792 1048 866 sola,

344 871 439 931 Nuda
459 884 584 952 regente
599 895 669 938 suo.
692 878 804 955 qualis,
825 877 1042 935 bacchantibus
1066 877 1166 949 Euris,

345 959 501 1019 Fluctibus
523 962 554 1018 in
571 961 680 1028 mediis
703 963 818 1021 amisso
842 963 950 1038 cymba
972 962 1129 1039 magistro.
1162 965 1164 969 ’

347 1042 463 1103 Cuncta
484 1048 684 1104 coruscabant
700 1047 820 1122 trepida
837 1046 996 1104 formidine
1018 1046 1133 1120 mortis,

345 1129 472 1190 Pictone
490 1130 518 1189 si
539 1132 666 1207 sonipes
685 1133 823 1190 flammas
845 1131 991 1190 miscente
1012 1133 1150 1204 cucurrit,

345 1215 404 1272 Vel
427 1215 546 1290 quoties
567 1217 651 1274 acies
671 1217 763 1294 longe
786 1217 964 1292 comparuit.
988 1215 1094 1275 Hostis

345 1300 444 1358 Extra
467 1301 571 1358 urbem
594 1302 775 1360 manifestus
799 1310 872 1374 erat,
894 1308 1055 1376 suspectus
1078 1301 1109 1358 in
1131 1302 1216 1362 urbe.

345 1383 447 1459 thue
468 1384 687 1461 Therapnaeos
707 1387 830 1459 fratres,
854 1385 989 1462 optabile
1012 1385 1106 1459 sidus,
1214 1421 1216 1426 ,

345 1469 470 1528 Auxilio
491 1470 654 1547 implorant
676 1471 817 1546 deprensi
839 1472 958 1529 turbine
979 1469 1115 1530 Nautae:

347 1552 399 1614 Sic
420 1562 449 1612 te
471 1556 628 1631 suspirant
649 1557 742 1615 fessis
763 1555 872 1614 solatia
891 1557 983 1614 rebus

345 1639 491 1697 Laturum
513 1641 607 1700 cives.
627 1640 737 1715 Neque
759 1648 818 1712 sat,
840 1648 869 1698 te
890 1659 1020 1717 poscere
1040 1642 1130 1700 votis.

344 1724 490 1788 Posceris
514 1733 544 1782 et
567 1726 718 1802 precibus.
744 1725 890 1784 Precibus
911 1726 979 1783 Rex
999 1726 1117 1784 annuit:
1138 1734 1168 1784 et
1187 1745 1262 1784 mox

347 1809 479 1885 Optatus
499 1810 611 1868 Rector
629 1829 728 1868 rerum
754 1810 891 1869 succedis
916 1810 1053 1868 habenis.

345 1893 421 1970 Ipsa
440 1894 560 1969 quidem
582 1896 672 1953 viridi
694 1895 852 1953 iuvenales
873 1895 973 1954 indole
998 1894 1099 1952 vultus

345 1980 460 2037 Mutato
485 1980 562 2037 felix
582 1982 702 2039 novitas
724 1980 931 2038 moderamine
953 1980 1093 2055 sumpsit.

345 2066 387 2123 At
406 2065 462 2122 tibi
480 2064 566 2123 nulla
587 2066 685 2141 quies,
708 2085 765 2123 nec
783 2065 893 2123 blando
915 2065 1031 2122 lumina
1051 2083 1159 2122 somno

345 2149 509 2208 Declinare
525 2150 621 2208 dator.
644 2150 765 2210 Coniux
787 2170 806 2207 a
828 2160 928 2208 mente
949 2156 1067 2207 remota

344 2235 469 2307 Exulat,
490 2242 520 2292 et
541 2235 656 2309 dulces,
678 2235 836 2294 carissima
858 2235 993 2306 nomina,
1014 2234 1085 2291 uati.

270 2321 276 2332 '
345 2319 474 2377 Publica
494 2322 632 2397 privatos
654 2322 781 2378 affectus
806 2339 878 2378 cura
899 2319 1030 2396 repellit:
1069 2337 1071 2340 ·

345 2402 433 2463 Unus
457 2423 550 2477 amor,
572 2405 688 2463 nullum
707 2405 823 2481 patriae
846 2422 1037 2482 praeponere
1059 2422 1205 2476 amorem,

344 2488 413 2548 Nec
435 2509 491 2548 sua
508 2491 658 2548 communi
677 2490 844 2548 subducere
866 2491 1000 2548 membra
1020 2488 1134 2546 ruinae.

345 2574 448 2634 Unum
464 2575 523 2632 hoc
531 2575 720 2650 propositum
733 2583 794 2633 est:
817 2575 866 2633 hic
881 2575 974 2632 menti
984 2574 1129 2634 terminus
1143 2573 1261 2632 haeret.

345 2659 408 2716 Vix
427 2658 582 2717 admissus
602 2679 669 2718 eras
686 2659 822 2735 trepidae
845 2660 883 2718 ad
903 2659 1112 2718 moderamina
1129 2666 1240 2730 terrae,

345 2743 496 2819 Frugibus
519 2744 647 2803 infestas
668 2743 825 2821 populator
845 2744 933 2803 Picto
953 2744 1095 2803 cohortes

345 2827 475 2886 Parcius
487 2828 630 2886 immittit
648 2830 779 2904 campis:
802 2847 910 2910 neque,
934 2839 967 2886 ut
983 2837 1053 2886 ante
1076 2829 1202 2900 solebat,

346 2911 549 2988 cornipedum
564 2914 685 2972 crebris
710 2913 876 2972 assultibus
900 2933 973 2971 arva
994 2914 1112 2991 fatigat,

346 2996 517 3075 Sparsurus
538 2998 658 3074 pavidis
678 2998 819 3056 incendia
844 2999 909 3056 dira
931 2999 1054 3057 colonis.

345 3083 386 3142 Et
406 3083 465 3155 vel,
492 3083 519 3140 si
541 3102 602 3159 qna
622 3085 707 3142 foras
731 3083 859 3142 audacia
880 3084 1027 3159 provehit,
1049 3082 1132 3141 hosti

344 3168 536 3245 Improvisus
559 3168 657 3240 adest,
679 3168 728 3226 vel
751 3169 894 3244 eborum
915 3176 1001 3244 parte
1024 3167 1173 3226 timendus

347 3252 528 3313 Castanides
552 3255 666 3312 absens
687 3255 797 3312 animis
820 3261 981 3329 suspectus
1001 3253 1148 3324 inhaeret,

345 3337 559 3416 Increpuitque
579 3347 702 3412 metum,
726 3340 795 3398 sola
817 3338 979 3398 formidine
1001 3339 1105 3397 victor.

345 3420 431 3494 Quae
451 3423 624 3500 Gardampa
643 3432 712 3482 tuas
734 3431 917 3500 praetexunt
937 3423 1051 3501 oppida
1070 3422 1166 3498 ripas,

344 3506 385 3565 Et
405 3526 482 3581 quae
505 3508 601 3568 &osa
621 3518 701 3582 tuas,
724 3510 856 3568 dominis
879 3508 993 3566 serr-ire
1015 3515 1121 3566 coacta

346 3590 509 3664 Hostibus,
531 3594 637 3652 hostili
658 3613 738 3651 nnnc
758 3604 829 3654 sunt
846 3601 1007 3670 praetenta
1026 3591 1131 3650 furori.

345 3674 413 3736 Nec
431 3685 504 3735 vota
523 3678 683 3753 agricolae,
704 3696 761 3735 nec
782 3697 854 3754 spes
865 3666 1027 3751 'intercipit
1045 3676 1117 3734 anni

346 3763 403 3823 Vel
419 3763 514 3821 libata
534 3759 640 3833 Ceres,
662 3762 712 3818 vel
731 3763 857 3820 abactas
881 3760 975 3818 cultor
998 3759 1098 3838 agelli.
