3059 4492
773 480 835 539 270

391 648 464 708 Non
490 650 591 723 alium,
611 669 699 724 quam
721 669 781 723 me,
805 651 895 709 docta
916 649 1017 722 ferire,
1037 670 1153 727 precor.

348 733 403 796 Sin
425 735 548 808 morior,
570 743 663 794 testes
686 755 724 793 en
743 736 819 794 istas
841 735 945 811 linquo
966 734 1102 794 liturast'

392 821 544 896 Quantum
566 820 714 878 homicida
734 827 849 896 potest,
871 820 985 896 aspicis
1007 820 1132 898 hospes,
1156 826 1267 884 Amor.
1354 840 1355 849 ¹

350 988 445 1064 t(28)
549 997 552 1012 '
604 980 642 1046 Εἰ
666 983 792 1067 φιλέεις,
813 985 853 1067 μὴ
877 985 1016 1065 πάμπαν.

349 1073 495 1150 Quisquis
518 1091 614 1144 amas,
635 1091 708 1131 cave
731 1073 774 1131 sis
796 1073 913 1130 deiecto
934 1083 1054 1149 pectore
1074 1074 1201 1149 fractus,

391 1157 584 1236 Supplicibus
608 1158 711 1217 solvas
732 1157 845 1216 flebilis
867 1176 921 1216 ora
942 1158 1048 1216 modis.

347 1242 502 1320 Propositi
523 1242 614 1302 solidi
635 1243 690 1300 tibi
709 1262 780 1300 cura
802 1245 852 1315 sit,
872 1250 903 1300 et
920 1243 975 1301 tibi
997 1253 1138 1303 constent

389 1328 521 1386 Lumina
546 1335 701 1386 contracto
724 1345 817 1402 parca
841 1329 1011 1405 supercilio.

348 1413 428 1471 Nam
453 1413 542 1470 nimis
565 1412 660 1470 elatos
682 1413 848 1470 contemnit
868 1413 1000 1470 foemina
1021 1413 1130 1485 festae,

390 1499 430 1556 Et
451 1497 541 1554 nimis
562 1497 711 1555 abiectum
732 1498 812 1554 ridet
831 1499 928 1554 amica
950 1499 1055 1556 virum.

348 1583 405 1640 Ille
428 1583 543 1658 peritus
563 1583 629 1654 erit,
651 1582 820 1658 quicunque
841 1583 916 1641 haec
936 1584 1054 1655 miscet,
1073 1590 1207 1642 amatorr
1354 1654 1355 1665 χ

390 1668 429 1725 Et
448 1667 567 1724 modico
590 1667 622 1723 in
644 1667 724 1726 fastu
751 1675 874 1742 pectora
895 1669 991 1726 fracta
1011 1668 1097 1745 gerit.

349 1835 442 1912 (tw)
540 1829 681 1914 Χρύσεος
702 1831 872 1915 &datorem
897 1831 1066 1914 διέτμαγεν.

347 1923 466 1980 Aureus
490 1920 595 1977 intacti
617 1921 775 1978 temeravit
797 1920 897 1978 vincla
915 1920 1036 1996 pudoris

389 2005 515 2081 Iupiter,
537 2013 570 2063 ut
590 2004 713 2064 Danaes
737 2025 827 2063 aerea
850 2013 930 2063 tecta
953 2006 1042 2064 subit.

347 2090 464 2149 Fabula
484 2090 528 2149 sic
546 2091 687 2166 loquitur,
712 2110 759 2148 me
781 2090 888 2148 indice.
908 2090 1021 2149 Ferrea
1045 2098 1132 2165 septa

391 2175 592 2250 Omnipotens
614 2195 729 2247 aurum,
751 2176 883 2250 duraque
906 2175 1006 2234 vincla
1030 2175 1142 2232 domat.

347 2259 413 2318 Hoc
435 2261 494 2318 hoc
515 2279 624 2337 nempe
646 2280 742 2333 seras,
765 2262 821 2317 hoo
842 2279 938 2318 aenea
959 2261 1090 2318 claustra
1111 2261 1256 2338 resignat,

388 2343 458 2403 Hoc
478 2345 590 2422 frangit
611 2347 721 2418 fastus,
745 2346 819 2402 dura
840 2346 954 2422 puella,
978 2354 1054 2403 tuos.

302 2455 304 2460 ·
347 2429 413 2488 Hoc
432 2431 559 2507 rigidam
582 2430 711 2488 Danaen
732 2431 869 2489 lentavit.
890 2432 917 2489 si
939 2431 1005 2505 quis
1026 2434 1155 2489 Amator

388 2514 460 2573 Fert
480 2517 621 2591 pretium,
641 2517 697 2574 tibi
718 2535 757 2574 ne
779 2515 939 2592 supplicet,
961 2517 1042 2573 alma
1060 2515 1180 2574 Venus.

348 2682 445 2758 ΗΒΘ)
596 2678 654 2744 Τὸν
681 2683 813 2764 σοβαρὸν
835 2679 1020 2762 Πολέμωνα.
1354 2726 1355 2757 r

345 2765 433 2840 Quod
454 2766 583 2826 Polemo
605 2768 658 2826 ille
670 2769 754 2842 facit,
776 2768 922 2846 Glyceres
942 2771 994 2846 qni
1007 2769 1143 2847 coniugis
1159 2771 1254 2828 aufert

388 2852 425 2909 In
450 2870 541 2910 scena
562 2853 671 2926 crines,
684 2854 782 2912 docte
803 2855 979 2926 Menandre,
1002 2864 1069 2912 tua:

346 2936 417 2996 Hoc
439 2957 534 2996 novus
555 2939 684 2997 instituit
704 2938 830 2998 Polemo
854 2959 949 2999 meus.
971 2939 1022 2997 ille
1037 2939 1235 2999 Rhodanthes

390 3023 506 3082 Audaci
530 3023 625 3082 cultas
648 3024 773 3084 abstulit
793 3045 891 3102 ungue
914 3043 1027 3084 comas.

346 3106 530 3167 Criminibus
553 3110 676 3186 tragicis
697 3111 825 3167 mutavit
845 3111 961 3168 comica
981 3111 1072 3182 facta,

389 3193 505 3251 Inflixit
527 3201 647 3251 tenerae
671 3197 798 3253 verbera
820 3213 912 3253 saeva
934 3197 1002 3252 cuti.

346 3279 395 3339 Ah
417 3279 516 3337 scelus
538 3279 709 3356 indignum!
733 3290 854 3339 nostros
877 3281 1020 3339 miserata
1042 3279 1163 3339 dolores

389 3364 476 3439 Quod
497 3371 611 3422 tantum
635 3365 755 3422 admisit
773 3373 857 3441 turpe
878 3366 982 3442 puella
999 3364 1108 3422 nefas?

345 3447 426 3506 Proh
448 3448 544 3508 dolor!
569 3451 810 3526 exsculpensque
833 3451 936 3510 oculos
956 3449 1100 3508 radicitus
1124 3450 1213 3508 ambo

389 3533 525 3590 Invidiae
544 3535 689 3593 informes
712 3535 797 3592 duxit
816 3537 847 3592 in
868 3555 920 3593 ore
942 3543 1040 3594 notas.

345 3613 382 3675 si
403 3624 503 3674 tamen
521 3618 548 3675 is
571 3619 662 3676 fuerit
681 3620 888 3678 Misumenos:
912 3628 960 3678 ast
981 3639 1035 3697 ego
1056 3626 1160 3675 contra

390 3698 556 3774 Dyscolos‚
578 3704 728 3777 aspiciens
752 3723 809 3762 nec
828 3703 1083 3762 Periciromenen.
