3059 4492
1410 498 1528 556 111

619 657 708 722 Ὦ
752 658 899 723 πόσι
943 660 1212 743 ἐκμήνας
1259 661 1487 744 τούμὸν
1547 661 1729 746 ἔρωτι
1766 663 1939 746 κέαρ.

554 742 683 808 Νῦν
729 744 786 806 δ’
818 744 850 806 ὃ
889 744 1096 813 θέλεις
1279 745 1424 829 ἄνερ
1469 745 1749 828 ἔσσομαι.
1796 749 1924 811 ἀντὶ
1962 750 2279 834 δάμαρτος
2318 748 2383 813 δ’

640 827 792 892 Αἴκε
837 828 1060 898 θέλεις.
1113 829 1184 892 σὺ
1235 830 1294 891 δ’
1342 832 1507 898 ὅλως
1553 831 1677 894 ἴσθι
1716 854 1820 914 μοι
1864 834 1992 896 ἀντὶ
2035 835 2193 918 βίου.

1147 1043 1384 1158 mim
1433 1080 1792 1160 amomon

1234 1253 1285 1306 1.
1354 1249 1721 1325 Superstitio.

556 1334 888 1408 Postquam
933 1334 1185 1392 suborta
1224 1335 1539 1397 criminum
1588 1335 1836 1394 licentia

558 1419 878 1478 Labefecit
919 1419 1116 1476 almae
1157 1420 1444 1491 Veritatis
1491 1420 1756 1491 moenia,

558 1503 726 1577 Quae
769 1522 991 1561 numen
1029 1504 1230 1580 ipsum
1277 1504 1551 1565 condidit
1589 1506 1775 1564 verbo
1824 1523 1966 1565 suo:

556 1589 772 1647 Palam
810 1589 1141 1666 imperatus
1187 1599 1249 1647 et
1288 1598 1567 1665 receptus
1613 1590 1851 1666 legibus

556 1676 870 1751 Augustus
920 1688 1108 1746 error,
1156 1683 1488 1752 sanctaque
1529 1675 1877 1752 ignorantia

556 1760 836 1818 Defensa
876 1759 1171 1836 paulatim
1215 1760 1628 1836 impudentiae
1667 1761 1940 1832 ausibuS,

557 1844 688 1904 Usu
732 1852 991 1920 tyranno
1036 1853 1212 1904 nacta
1259 1846 1375 1903 vim
1420 1845 1712 1905 scientiae

559 1928 916 1989 Hominum*
937 1930 1189 2006 supinas
1233 1930 1636 1990 conscientias
1684 1930 1835 2006 ligat

485 2072 491 2077 .
557 2015 794 2073 Vocnm
837 2014 1145 2088 numellis,
1193 2015 1470 2077 cassibus
1511 2015 1973 2091 sophismatum.

548 2099 870 2161 Iniuriosa
915 2099 1130 2173 deinde
1172 2101 1372 2176 pietas
1413 2101 1474 2157 in
1515 2100 1736 2168 Deum,

559 2185 760 2261 Quem
796 2184 1010 2243 metuit
1045 2186 1318 2259 horrens,
1355 2193 1420 2245 et
1458 2184 1782 2260 profanans
1822 2202 2002 2259 quem
2047 2183 2213 2242 colit:

559 2271 740 2342 Tum,
785 2289 942 2346 quae
983 2269 1280 2347 imperitis
1321 2271 1452 2329 sola
1492 2270 1837 2331 velamenta
1878 2275 2040 2342 sunt,

556 2355 729 2414 Falsi
768 2362 1063 2429 vetustas,
1107 2363 1288 2430 atque
1330 2356 1548 2431 culpae
1582 2354 1936 2426 anctoritae,

558 2440 1016 2499 Lenocinantur
1058 2441 1278 2498 mentis
1325 2459 1544 2519 aegrae
1592 2440 1865 2511 somniis,
1965 2499 1970 2504 ,

559 2527 638 2585 Et
677 2525 800 2582 iam
843 2525 1090 2584 labante
1135 2525 1370 2603 pariete
1414 2525 1713 2585 inclinant
1754 2524 1970 2601 magis,

563 2610 798 2671 Stultae
841 2607 1080 2670 Suadae
1117 2611 1442 2688 splendide
1485 2607 1679 2669 fallax
1732 2629 1919 2683 amor,
1960 2660 1962 2665 .

561 2696 752 2754 Vanis
796 2696 860 2753 in
902 2695 1119 2755 animis
1162 2697 1274 2771 qui>
1299 2696 1615 2755 cuniculos
1656 2695 1805 2772 agit,

564 2781 644 2840 Ut
688 2780 978 2839 Veritatis
1016 2782 1266 2840 subruat
1308 2782 1737 2852 constantiam,

565 2865 721 2924 Tum
760 2865 994 2924 fortuiti
1040 2867 1181 2924 ficta
1223 2866 1514 2925 maiestas
1560 2866 1741 2938 sacri,

563 2951 785 3009 Fraudi
830 2951 1099 3012 colorem
1141 2952 1541 3010 castimoniae
1579 2950 1843 3009 illinunt.

562 3037 675 3095 Est
719 3055 963 3113 semper
1005 3036 1236 3112 aliquid
1273 3037 1434 3112 quod
1477 3037 1665 3095 refert
1704 3035 2005 3095 mendacii

561 3121 634 3180 In
675 3121 1012 3185 olai-itatem
1060 3121 1242 3180 dubia
1283 3121 1607 3182 stultorum
1650 3121 1855 3181 fides.-

1103 3292 1162 3350 2.
1240 3290 1424 3351 Amor
1455 3291 1847 3350 monachatus.

568 3372 634 3435 Si
675 3375 916 3433 laudem
963 3376 1027 3432 in
1071 3376 1276 3434 animo
1325 3377 1544 3435 statuis
1591 3393 1733 3434 esse
1776 3373 2129 3445 maximam,

567 3458 811 3520 Servire
853 3460 1090 3537 patriae
1132 3461 1512 3538 publicisque
1553 3459 1918 3534 commodis,

482 3550 489 3557 ’
567 3542 710 3604 Sive
760 3547 825 3604 in
867 3543 1118 3619 Senatu,
1168 3547 1298 3605 sive
1340 3546 1402 3603 in
1447 3545 1589 3604 aula
1631 3543 1939 3620 Principis

567 3629 656 3689 Te
698 3631 827 3689 vita
869 3649 1112 3708 semper
1149 3639 1403 3690 actuosa
1447 3629 1738 3701 exercuit,

565 3713 749 3775 Domi
789 3717 1055 3791 beatum,
1098 3716 1436 3796 gloriosum
1476 3715 1746 3794 publice:
