3059 4492
686 477 838 571 —16—

348 638 528 718 Plurimum,
556 653 587 704 et
607 645 771 705 immanem
791 645 955 722 perniciem
977 653 1133 722 oppetere,

308 727 400 790 Solus
424 730 506 806 apud
526 729 654 807 Libyas,
676 731 724 790 vel
744 739 842 806 tostos
865 730 982 789 solibus
1005 730 1099 790 Indos

350 813 515 874 Occurram
537 815 628 874 fulvis
653 817 744 874 obvia
763 815 879 892 praeda
899 815 983 874 feris.

306 897 393 957 Haec
413 899 528 958 ecfatus
551 901 614 973 ubi,
635 899 725 959 laeva
746 901 785 957 de
804 911 890 976 parte
911 899 1052 959 secundis

349 984 481 1043 Alitibus
503 984 643 1042 dextrum
664 986 794 1044 sternuit
816 1005 907 1044 omen
930 990 1038 1043 Amor..

305 1071 364 1128 Ast
382 1071 478 1128 Acme
500 1078 591 1146 caput
614 1071 784 1142 inflectens,
806 1071 952 1147 puerique
973 1069 1130 1128 lacessens

347 1154 441 1212 Ebria
460 1155 622 1231 purpureis
643 1154 759 1212 lumina
779 1155 938 1226 suaviolis,

307 1235 368 1311 Sic,
390 1239 497 1314 inquit,
520 1258 589 1298 mea
611 1239 683 1312 vita,
706 1259 791 1298 meus
813 1240 906 1314 lepor,
926 1239 996 1296 huic
1014 1238 1133 1295 domino
1155 1237 1218 1309 uni,

349 1323 430 1381 Huic
454 1324 556 1382 devoti
576 1326 658 1382 omni
676 1333 813 1401 tempore
830 1325 937 1396 simus,
959 1322 1014 1381 ait:
1039 1389 1040 1392 Ἴ

304 1408 348 1468 Ut
368 1408 443 1466 mihi
464 1427 544 1467 nunc
566 1410 660 1476 maior
683 1410 803 1468 molleis
826 1417 873 1468 est
893 1409 1015 1466 flamma
1036 1405 1196 1478 medullas,

346 1494 458 1552 Acrior
479 1501 509 1552 et
528 1495 618 1552 misto
639 1494 741 1572 gliscit
763 1513 864 1551 amore
886 1493 980 1551 furor.

305 1579 372 1636 Hoc
394 1586 556 1654 postquam
577 1579 675 1636 ecfata
697 1587 754 1651 est,
777 1575 866 1637 laeva
887 1578 924 1636 de
946 1585 1033 1654 parte
1054 1575 1195 1634 secundis

347 1663 480 1722 Alitibus
500 1663 640 1721 dextrum
662 1665 791 1722 sternuit
811 1682 899 1721 omen
919 1665 1023 1721 Amor.

305 1747 397 1806 Nunc
419 1749 498 1806 bono
521 1750 559 1806 ab
583 1749 739 1824 auspicio,
763 1749 872 1807 laustis
896 1749 1062 1821 avibusque
1080 1745 1218 1822 profecti,

347 1834 499 1891 Mentibus
523 1833 675 1893 unanimis
697 1842 802 1892 mutua
822 1841 970 1904 amantur,
991 1839 1104 1889 amant.

305 1917 406 1977 Unam
429 1915 594 1994 Septimius
613 1938 693 1976 nunc
713 1919 828 1978 mavult
850 1919 971 1977 saucius
992 1920 1118 1987 Acmen,

349 2001 448 2078 Quam
471 2000 589 2079 Syrias,
612 2011 665 2061 aut
682 2023 761 2078 quae
783 2023 878 2081 regna
898 2001 1064 2061 Britannus
1085 2002 1184 2060 habet.

304 2087 373 2147 Uno
395 2089 427 2145 in
447 2086 593 2164 Septimio
614 2090 684 2147 totis
701 2107 781 2146 nunc
802 2089 944 2148 sensibus
967 2089 1061 2145 Acme

346 2172 472 2231 Perdita
496 2174 659 2250 conspirat,
683 2174 870 2249 deliciasque
894 2173 975 2230 facit.

306 2256 383 2332 Quis
404 2277 461 2334 par
483 2258 640 2317 candidius
663 2267 834 2316 tenerorum
855 2259 930 2316 vidit
953 2256 1127 2315 amantum?

348 2343 408 2400 Ant
428 2343 487 2400 fuit
505 2343 640 2419 auspicio
660 2363 738 2419 quae
757 2344 886 2402 meliore
909 2341 1038 2400 Venus?

333 2515 362 2569 8.
411 2511 518 2570 Catulli
540 2511 648 2570 Passer
665 2522 793 2570 mortuus
816 2512 862 2586 [3]
883 2511 1013 2569 similiter
1034 2527 1194 2567 conuersus.

304 2595 439 2673 Lugete,
464 2617 482 2655 ο
504 2605 648 2671 quantum
673 2605 720 2654 est
740 2597 894 2653 Veneram
916 2603 1005 2669 atque
1025 2592 1218 2669 Cupidinum,

982 2686 1134 2736 amantum

346 2769 446 2837 Atquc
473 2772 669 2822 venustorum
691 2764 835 2840 quicquid
857 2764 966 2837 ubique
986 2763 1139 2821 hominnm
1160 2770 1218 2836 est,

304 2846 432 2925 Lugete.
471 2848 530 2906 Ille
550 2868 638 2906 meae
656 2848 804 2923 lususque
825 2857 856 2906 et
879 2867 951 2906 cura
972 2848 1102 2924 puellae,

345 2934 394 2990 Ah
417 2931 509 3006 dolor,
533 2933 585 2991 ille
610 2953 697 2991 meae
716 2934 859 2991 delicium
881 2933 1034 2992 Dominae

304 3017 421 3077 Passer
442 3026 579 3076 mortuus
603 3027 663 3089 est;
689 3038 779 3094 quem
803 3019 881 3078 serio
903 3027 1057 3076 amaverat
1081 3018 1135 3076 illa

347 3103 422 3162 Plus
442 3122 532 3178 quam
555 3122 604 3175 se,
626 3103 697 3179 plus
720 3123 811 3180 quam
834 3104 927 3161 vitam
951 3103 1118 3180 oculosque
1137 3122 1218 3162 suos.

304 3188 444 3264 Namque
468 3196 533 3246 erat
554 3196 584 3246 et
600 3188 745 3261 mellitus,
767 3189 908 3266 etipsam
925 3190 1074 3266 cognitam
1089 3191 1221 3248 habebat

346 3274 425 3331 Tam
446 3274 535 3347 bene,
554 3293 644 3350 quam
666 3282 793 3332 matrem
813 3282 916 3332 nostra
934 3274 1038 3351 puella
1060 3294 1156 3348 suam,

303 3360 343 3419 Et
366 3358 599 3432 circumsiliens,
621 3359 665 3416 uti
682 3379 721 3417 ne
746 3379 765 3416 a
784 3359 897 3437 gremio
916 3359 1000 3418 illius
1025 3379 1157 3434 unquam

347 3441 485 3514 (lederet,
507 3445 546 3502 ad
568 3444 667 3503 solam
688 3444 861 3522 pipilitabat
882 3445 996 3502 heram.

303 3533 345 3586 At
365 3547 446 3586 nunc
466 3529 491 3586 it
511 3531 646 3606 pariter
667 3529 786 3607 nigrum
809 3531 912 3601 miser,
937 3530 977 3587 ah
1000 3527 1103 3599 miser,
1124 3527 1187 3585 illic

345 3613 435 3674 Unde
453 3633 585 3689 unquam
602 3611 744 3673 reducem
764 3634 853 3674 nemo
873 3613 982 3691 pedem
1004 3612 1111 3670 tetulit.

302 3699 352 3771 Ah
373 3699 462 3757 vobis
485 3699 564 3756 male
585 3701 637 3773 sit,
664 3701 744 3759 male
765 3719 844 3778 qnae
868 3698 969 3759 omnia
991 3697 1072 3756 bella
1092 3699 1217 3770 voratis,
