3059 4492
636 501 785 596 Q

252 673 333 732 Nam
355 672 427 748 quid
448 672 515 750 agis
533 671 634 731 Aiax?
657 673 715 730 heu
737 672 790 730 ubi
810 689 856 744 es,
876 671 945 730 nli?
965 673 1068 731 occidi.

164 789 165 824 n
252 761 300 818 Αἱ.
342 758 492 815 Teucrum
517 774 602 815 voco.
621 757 744 816 ubinam
761 757 899 815 Teucer?
920 755 1073 817 assidnon'
1087 760 1167 819 volet

251 844 387 904 Ductare
408 841 564 920 praedas?
584 849 632 899 ast
655 861 711 919 ego
735 841 851 900 intereo
869 843 972 901 miser.

252 928 308 990 ch.
352 927 456 987 Homo
478 935 526 986 est
543 926 624 1003 apud
646 945 691 1000 se,
713 935 746 985 ut
769 926 879 986 sentio.
901 928 1016 1004 aperite
1034 946 1146 1008 ocyus:

251 1012 453 1074 Revercbitur
476 1011 618 1071 fortassis
641 1013 758 1088 aspecti
778 1013 849 1072 mei.
1036 1039 1042 1051 =
1165 1016 1218 1071 345

252 1099 328 1158 Teo.
368 1099 543 1174 Aperimus,
565 1113 645 1155 ecce.
665 1095 827 1156 Caeterum
846 1097 919 1156 licet
938 1098 994 1156 tibi

251 1183 394 1243 Hominis
415 1182 494 1240 tucri
514 1188 611 1259 gesta,
636 1188 666 1239 et
688 1183 824 1242 eiusdem
841 1191 963 1242 statum.

602 1263 733 1342 Strophii
761 1269 813 1328 VI.

250 1354 300 1413 Αἰ.
349 1350 480 1412 Sodales
503 1350 595 1409 maris
620 1354 763 1430 remiges,

162 1465 164 1516 g
250 1437 352 1498 Amici
373 1437 456 1496 unici
479 1436 623 1508 omnium,
647 1445 677 1495 et

250 1523 414 1598 Aequitste
433 1529 549 1580 stantes
571 1520 635 1596 pia:

251 1609 362 1668 Videte
381 1627 430 1666 me
452 1625 531 1678 esse,
554 1604 653 1680 qualis
674 1615 721 1666 est

250 1694 312 1754 Ubi
336 1711 444 1750 recens
466 1693 503 1749 ab
524 1691 659 1749 aestibus

249 1779 377 1838 Fluctus
394 1777 493 1835 adhuc
514 1783 658 1834 movetur.
772 1785 776 1807 ¹

251 1863 307 1924 Oh.
353 1863 422 1921 Vah
441 1880 531 1936 quam
551 1860 707 1918 evidenter
729 1879 802 1918 vera
821 1867 949 1919 testatus
972 1860 1061 1918 modo
1081 1879 1127 1934 es,

251 1948 345 2026 Quod
365 1948 581 2024 comprobatur
602 1946 677 2004 satis
699 1945 838 2004 inornato
862 1946 920 2004 hoc
937 1952 1027 2004 statu.
1167 1946 1219 2000 ³55

384 2100 386 2105 Ι
577 2030 771 2106 Antistrcptu
799 2031 851 2090 VI.

249 2121 299 2178 Ai.
343 2117 454 2188 Amici,
476 2114 624 2173 marinum
647 2134 754 2192 genus,

249 2205 311 2263 Rei
334 2202 476 2261 nauticae
499 2198 609 2272 sciens,

249 2291 339 2349 Bene
358 2287 501 2345 inhibens
525 2285 599 2343 ratis
619 2283 791 2361 palmulas:

249 2374 344 2433 Modo
365 2372 458 2444 unici,
478 2370 570 2429 modo
590 2368 671 2426 unici

250 2459 354 2537 Super
375 2456 418 2516 mi
439 2456 513 2516 estis
536 2453 675 2526 adiuvae,
699 2472 750 2512 oc-

250 2545 374 2603 -ciditet
397 2542 475 2600 ferte
496 2559 584 2616 opem
606 2541 656 2597 mi.

250 2629 307 2690 ch.
354 2628 445 2686 Bona
463 2627 570 2684 verba:
590 2644 627 2682 ne
647 2623 759 2681 malum
781 2622 953 2683 resarciens
972 2621 1063 2695 malo,

248 2715 370 2775 Maiora
392 2712 472 2770 tristi
492 2711 602 2769 damna
621 2711 737 2767 iactura
758 2708 855 2766 effice.

566 2795 594 2852 2.
617 2793 747 2871 Stroplto
769 2794 854 2851 IIII.

247 2884 299 2943 Αἱ.
344 2883 412 2958 Ego
434 2880 487 2938 ille
509 2897 588 2952 acer,
608 2879 660 2937 ille
681 2877 782 2951 fortis,
804 2879 890 2936 ferox

247 2967 370 3039 Duelli,
391 2974 480 3040 atque
500 2963 610 3041 praelii
630 2964 794 3026 interritus.

246 3052 409 3114 Pecudnm
428 3051 460 3107 in
482 3049 636 3107 imbecille
653 3048 759 3125 volgus
783 3067 850 3105 ruo.

246 3139 353 3199 Pudet
376 3134 530 3194 cachinni:
555 3133 752 3192 contumeliae
772 3131 875 3209 pudet.
1124 3199 1126 3205 Ι

248 3225 327 3284 Teo.
373 3221 459 3278 Haec
478 3219 572 3278 verba
591 3219 660 3291 fari,
682 3217 814 3290 domine,
837 3215 1070 3291 compendiface.

245 3311 301 3370 Αἱ.
342 3305 475 3366 Excede.
498 3304 653 3364 cessasti
676 3304 809 3361 dierecta
827 3301 922 3360 foras.

245 3395 302 3455 He
329 3394 398 3450 hen.
422 3392 460 3447 he
475 3390 550 3447 heut

247 3479 310 3541 Oh.
352 3475 489 3547 Desiste,
511 3475 627 3546 amabo,
651 3492 707 3550 per
725 3472 823 3530 Deos.
844 3470 882 3529 ad
901 3477 931 3528 te
952 3468 1026 3527 redi.

594 3559 622 3617 3.
646 3557 776 3634 Stropta
799 3556 834 3616 V.

245 3651 302 3711 Ai.
348 3645 421 3703 Heu
441 3663 489 3703 me
514 3643 785 3726 miserumllmanu

245 3731 399 3794 Remisse
419 3749 467 3788 me
488 3730 546 3788 hos
570 3746 772 3801 secernamus,
