3059 4492
635 489 785 586 jd?-

253 661 404 720 vitisator
422 661 553 731 hastam,
574 663 710 720 membra
730 664 833 720 vineto
854 662 1026 740 implicans)

255 746 456 820 Tarchonque
477 752 541 802 tum
561 744 726 819 Tomeros,
744 748 893 805 immanes
915 747 979 822 lupi

256 830 346 891 Sanci
366 832 499 888 ferentes
522 829 665 890 Herculis
687 832 858 907 primordia.

254 916 315 976 Ubi
338 915 481 974 refertam
503 913 662 992 glisceram
684 933 821 976 mensam
843 917 952 992 dapum

255 1001 392 1058 Tandem
412 1012 547 1059 voratam
570 1001 762 1076 conspicatus
785 1002 925 1074 asseclis,

244 1086 453 1146 .Oraculorum
475 1085 528 1142 fiet
544 1086 699 1160 antiquum
719 1105 849 1159 memor,¹

253 1171 424 1248 Pinguique
447 1171 503 1228 sub
526 1170 725 1248 Aboriginum
746 1172 815 1230 eolo
838 1179 934 1230 struet

168 1275 169 1288 ¹
254 1257 342 1316 Ultra
364 1255 490 1312 Latinos
513 1262 601 1330 atque
624 1255 763 1315 Daunius
787 1256 863 1315 sitas

255 1341 380 1412 Turres,
403 1340 532 1398 alumnis
552 1341 706 1400 fabricans
729 1359 855 1400 numero
877 1360 965 1417 pares

256 1425 381 1486 Scrofae
402 1423 544 1502 nigellae,
568 1445 654 1500 quam
675 1427 712 1483 ab
731 1425 833 1484 Idaeis
853 1426 933 1503 iugis

254 1512 293 1569 Et
315 1509 486 1568 Dardaneis
508 1509 633 1568 collibus
656 1511 774 1568 ductam
797 1513 915 1584 avehat,

256 1594 339 1668 Quae
360 1601 402 1652 tot
424 1595 548 1652 nutrivit
570 1595 617 1652 his
640 1614 728 1669 pares
750 1615 877 1654 numero
896 1614 1015 1657 sacres:

255 1681 290 1738 In
311 1681 386 1737 urbe
409 1680 493 1737 cuius
515 1687 607 1754 ponet
624 1699 685 1737 una
706 1681 868 1758 imaginem

256 1764 364 1842 Sigillo
389 1764 499 1836 aheno,
522 1764 697 1839 delicosque
719 1767 894 1842 grundules.
971 1780 977 1786 “

255 1851 294 1908 Et
315 1849 391 1908 aede
415 1857 527 1908 structa
550 1851 690 1926 Myndiae
717 1851 881 1923 Pallenidi‚

256 1935 391 1993 Delubra
412 1943 507 2009 ponet
529 1935 694 2008 patriorum
716 1936 905 2010 praestitum,

256 2017 339 2094 Quae
361 2018 439 2091 sola,
461 2027 563 2095 spreta
583 2039 690 2092 uxore,
709 2021 819 2095 spretis
840 2021 957 2092 liberis,

255 2106 393 2180 Aliisque
413 2123 522 2180 copum
542 2124 642 2162 rerum
664 2105 891 2182 opimitatibus‚-

242 2182 393 2249 vTandem
413 2190 504 2247 senili
519 2208 593 2247 oum
607 2198 731 2265 parente
752 2191 903 2266 praeferet

255 2271 369 2334 Velans
391 2275 512 2343 amictu,
534 2294 600 2332 cum
621 2293 712 2334 canes
732 2275 855 2334 duellici

254 2361 290 2418 In
315 2368 422 2417 cuncta
441 2359 536 2434 spolia
559 2361 718 2419 sortientes
743 2361 868 2437 patriae,

256 2444 322 2506 Soli
346 2445 415 2502 huic
439 2446 476 2502 ab
497 2445 574 2520 ipsis
596 2446 721 2503 aedibus
745 2447 883 2521 praedam
906 2444 1035 2503 offerent

254 2532 294 2589 Et
317 2547 426 2587 munus
450 2539 609 2604 exportare
631 2531 712 2606 quod
732 2531 817 2589 cordi
832 2532 906 2588 fuat.
1011 2556 1014 2563 ’

257 2615 308 2676 Sic
330 2615 414 2673 risus
437 2614 527 2672 etiam
547 2615 751 2690 perduellibus
772 2617 850 2691 pius,

256 2701 385 2758 Multum
408 2699 556 2757 cluentem
575 2701 664 2758 laude
687 2701 758 2758 belli
780 2701 907 2776 patriam

254 2785 433 2844 Recidivam
457 2793 486 2842 et
505 2786 603 2860 ipsam
626 2786 746 2844 deseret
768 2787 930 2861 nepotibus

254 2871 381 2940 Urbem,
406 2889 543 2944 suprema
565 2871 649 2927 iuxta
672 2869 790 2930 Circaei
812 2873 892 2949 iuga,

254 2957 294 3014 Et
314 2963 383 3012 trux
403 2955 534 3012 Maricae
557 2955 653 3028 littus,
677 2964 768 3033 atque
789 2960 890 3034 Argus
910 2955 997 3027 ratis,

255 3042 391 3099 Phorcae
413 3040 530 3114 paludis
552 3041 744 3100 Marsionidis
765 3043 864 3099 lacum

255 3125 473 3200 Tiberiumque
497 3126 619 3197 flumen,
641 3127 757 3183 arcanis
780 3127 901 3184 humum

255 3210 384 3268 Rimans
408 3218 526 3284 opertas
546 3211 577 3268 in
599 3211 663 3268 vias
686 3211 853 3283 canalibus,
910 3221 913 3227 ’

256 3293 410 3354 Cacumen
433 3302 463 3352 et
484 3295 665 3368 Zoste'rium‚
685 3315 744 3372 qua
765 3296 890 3372 virginis

254 3382 379 3440 Faunae
403 3377 537 3456 Sibyllae
560 3399 718 3456 scrupeum
735 3399 845 3456 specus
866 3388 965 3457 patet3

254 3466 412 3524 Pendente
432 3467 487 3524 tofi
507 3466 686 3524 fornicatum
710 3467 838 3542 pumice.

255 3551 313 3609 Tot
335 3551 506 3608 execranda
527 3558 610 3608 tanta
633 3551 786 3625 perferent
806 3551 896 3623 mala,

254 3637 343 3694 Meae
367 3637 517 3710 parabunt
534 3635 584 3710 qui
603 3637 706 3694 ruinas
730 3636 855 3712 patriae.
922 3664 924 3668 ·

255 3718 335 3794 Quid
358 3721 438 3778 enim
460 3721 577 3798 parenti
598 3721 721 3780 maximi
742 3719 916 3780 Promethei
