3059 4492
785 511 843 571 194

360 681 503 764 δεύτερον
525 680 544 761 ἡ
564 675 673 762 Ῥώμη
700 679 747 755 σοὶ
771 679 807 740 ἰώ
828 675 928 740 Παιάν
952 675 1111 745 ἀλαλάζει.

403 766 468 828 αἰὲν
492 764 631 846 ἀνίκητον
656 766 721 826 σεῖο
745 761 834 830 πόλις
856 762 891 824 σὲ
913 761 981 846 βοᾷ.

361 849 431 917 ἄλλ’
457 848 506 912 ἵνα
529 846 728 933 χαρμοσύνης
747 847 868 908 πίσυνοι
891 842 1094 929 δραττώμεθα
1116 844 1249 927 μᾶλλον,

401 934 595 1018 Σαρματικῆς
616 931 700 1015 νίκης
722 929 850 1014 ἄγγελος
872 928 1062 996 αύτδςίκον.

360 1107 451 1182 8,11.
471 1099 582 1184 Ῥῆνος
604 1103 669 1162 σεῖο
693 1098 783 1162 πόλει
807 1099 835 1160 σ’
850 1097 998 1182 ἐπιδημον
1023 1097 1114 1160 ἐόντα
1134 1099 1261 1179 συνῆκε.

403 1192 457 1251 τού
480 1190 558 1249 λαοῦ
581 1183 686 1269 φωνὰς
705 1185 755 1246 καὶ
777 1182 835 1266 γὰρ
856 1181 970 1245 ἄκουσε
988 1185 1071 1244 τεοῦ.

363 1271 457 1336 ἔθνεα
479 1267 701 1354 Σαυροματῶν,
716 1267 846 1351 Ἴστροιο
866 1289 900 1329 τε
921 1267 1048 1351 ῥεῖθρα,
1065 1264 1162 1332 Γέτας
1184 1286 1220 1326 τε

404 1357 564 1438 πάνδημος
587 1356 698 1436 νεαρῆς
722 1351 817 1437 θρούς
841 1351 970 1435 ἐτάραξε
991 1353 1099 1436 χαρᾶς.

367 1439 464 1525 μέσφ’
488 1439 569 1523 ἱερὸν
594 1437 719 1521 σέβεταί
745 1433 775 1498 σ’
800 1435 1031 1520 ἐπισημασίαισι
1053 1433 1197 1516 θέατρον,

407 1526 501 1609 δίφρα
523 1524 639 1606 δράμον
664 1523 809 1606 τετράκις,
834 1521 965 1604 μηδενὸς
988 1516 1188 1602 αἰσθομένου.

365 1609 425 1694 οἰχ
450 1609 548 1676 ούτως
568 1606 689 1690 ἐφιλησ’
715 1605 810 1668 ἄλλον
832 1604 962 1689 πρόμον,
985 1603 1057 1667 ούτε
1078 1626 1114 1664 σε
1131 1599 1256 1686 Ῥώμη.

407 1691 478 1756 ούτε
497 1691 591 1754 πλέον
613 1691 647 1754 σὲ
671 1693 782 1774 φιλεῖν,
804 1689 833 1752 κ’
856 1688 893 1773 ἥν
916 1689 1024 1772 ἐθέλη,
1049 1688 1186 1750 δύναται.

365 1863 453 1938 8,15.
477 1858 570 1944 μέσφ’
593 1859 613 1942 ἡ
638 1857 807 1921 Παννονίου
832 1858 898 1940 νίκη
918 1856 1069 1939 πολέμοιο
1092 1856 1245 1940 θροεῖται,

406 1951 451 2031 τιρ
476 1943 525 2006 Διῒ
546 1943 597 2006 καὶ
619 1943 688 2005 θύει
709 1946 769 2011 πᾶς
793 1940 1044 2026 ἐπανερχομένῳ,

365 2033 425 2098 πᾶς
448 2028 616 2111 λιβανωτόν
639 2027 700 2095 έως
720 2027 837 2103 ἱππεὺς,
858 2028 954 2111 βουλή
976 2048 1009 2088 τε
1032 2026 1150 2101 δίδωσι,

410 2117 516 2198 φυλῶν
536 2111 563 2175 τ’
586 2112 745 2175 Αὐσονίαν
768 2111 806 2173 τὰ
825 2111 909 2195 τρίτα
932 2112 1019 2194 δῶρα
1036 2110 1135 2187 πέλει,

367 2200 515 2346 μνρφεται
534 2197 554 2278 ἡ
575 2192 685 2280 Ῥώμη
706 2195 816 2258 τούτου
838 2195 980 2300 κρυφίοιο
1002 2195 1168 2279 θριάμβου,

440 2283 508 2344 αιάν
532 2279 562 2343 τ’
579 2281 701 2365 εἰρήνης
725 2281 760 2342 οὐ
785 2302 890 2364 μικρος
911 2280 973 2342 ἐστι
993 2283 1074 2362 τεῆς,

368 2371 423 2450 τῆς
446 2365 598 2449 ὁσίηςότι
620 2371 678 2428 τῶν
704 2365 787 2427 ἰδίων
811 2363 841 2426 εἰ
861 2365 984 2447 μάρτυς.
998 2363 1148 2433 Ἄνακτος

411 2451 473 2513 ἐστὶ
496 2453 605 2530 καλοῦ,
628 2454 741 2532 γνῶναι
760 2448 832 2517 τούς
855 2447 1132 2531 ύποτασσομένους.

368 2623 397 2694 6,
405 2622 455 2682 80.
478 2617 629 2701 Αἴγυπτος
653 2617 813 2700 φιλότιμος
831 2615 987 2679 ἀπέστειλ’
1010 2621 1053 2685 ώς
1068 2618 1133 2695 νέα,
1145 2617 1281 2705 Καῖσαρ,

413 2704 499 2786 δῶρα
519 2701 718 2786 χαριζομένη,
742 2702 790 2763 σοὶ
812 2701 889 2785 ῥόδα
907 2703 1076 2787 χειμερινά.

369 2786 532 2870 Μεμφίτης
554 2786 691 2868 Φαρίους
712 2786 823 2869 ναύτης
846 2786 997 2871 ἐχλεύασε
1019 2789 1136 2871 κήπους

413 2870 504 2934 οὐδὸν
529 2869 722 2954 ἐπεμβαίνων
747 2869 896 2955 ὑμετέρης
916 2869 1034 2939 πόλιος.

369 2955 477 3020 τόσσον
502 2952 556 3038 ἄρ’
580 2957 655 3038 ηρδς
677 2953 811 3038 ἄγαλμα,
832 2953 907 3038 τόση
930 2955 1019 3039 χάρις
1040 2954 1122 3018 ἔπνε’
1147 2958 1283 3044 ὀδωδῆς,

411 3039 520 3103 τόσσον
546 3038 724 3117 Παιστανών
747 3039 785 3122 ἧν
808 3040 964 3123 ἀγλάϊσμα
986 3040 1099 3104 πέδων.
1149 3068 1155 3087 ·

371 3125 455 3208 όππη
481 3123 538 3208 γὰρ
563 3123 714 3207 μετένεηκ’
737 3124 757 3207 ἢ
781 3124 835 3207 μὲν
856 3123 966 3201 πόδας,
985 3125 1025 3208 ἠὲ
1046 3127 1098 3188 καὶ
1121 3125 1221 3211 ὄφεις,

412 3214 471 3277 πᾶς
492 3210 683 3292 στεφάνοισιν
706 3205 723 3270 ἔ
745 3212 879 3293 νχῶρος
900 3209 1078 3293 ἐρευθιόων.

370 3293 452 3358 ἀλλὰ
475 3293 510 3355 σὺ
533 3298 694 3378 χειμερινῇ
710 3231 838 3375 Ἰθώμης
857 3295 1025 3376 νικώμενος
1048 3296 1115 3378 ώρη

412 3375 517 3453 Νεῖλε,
540 3378 685 3461 θερισμὸν
708 3377 757 3440 έδν
781 3378 845 3456 δός,
869 3375 945 3460 ῥόδα
966 3378 997 3440 δ’
1020 3379 1176 3464 άντίλαβε.

374 3548 502 3620 13,127.
525 3544 1284 3635 οοὶστεφάνους,ώΚαῖσαρ,όχειμώνδώκεπροώ-

415 3628 518 3714 εἴαρος
539 3629 576 3714 ἦν
599 3633 633 3694 τδ
653 3629 754 3715 ῥόδον,
775 3635 826 3694 νύν
853 3632 887 3694 δὲ
903 3633 970 3696 τεὸν
992 3633 1108 3716 γέγονε.
1184 3639 1283 3720 [ρους.
