3059 4492
570 481 572 497 ·
636 480 788 574 -ω,

148 648 151 659 “
243 641 342 712 Ἕνδς
361 639 511 727 χανόντος
534 642 584 725 δὴ,
607 643 719 730 κέχηνε
739 643 880 728 χάτερος.

247 727 464 810 Ἐξηπάτησεν
485 727 503 809 ἡ
524 728 623 812 χάραξ
646 730 699 810 τἠν
724 727 873 812 άμπελον.

244 811 332 881 ἜΕω
358 811 466 896 βλέπει
484 811 522 874 τὰ
541 812 643 876 πολλά
667 813 741 898 βοῦς
763 813 932 897 ἀλλότριος.

147 971 148 982 γ
244 895 355 961 Ἔοικε
375 900 469 959 τοῖσιν
491 895 526 958 ἐκ
548 895 654 961 Πύλου
676 897 874 966 Λακωνικοῖς.

147 985 148 1030 f
250 979 322 1046 Ἐπὶ
341 985 381 1063 τῇ
408 981 547 1064 μαχαίρᾳ
568 985 683 1065 μεῖζον,
711 983 731 1066 ἢ
756 979 889 1065 Πηλεύς,
912 984 1027 1064 φρονεῖ.

250 1064 473 1149 Ἐπιφολλίδες
493 1065 581 1129 ταῦτ’
605 1065 668 1130 ἔστι
690 1068 741 1130 καὶ
765 1066 983 1149 στωμύλματα.

248 1148 381 1232 Ἔπτηξ’
400 1149 539 1233 ἀλέκτωρ
562 1152 605 1218 ὥς
627 1173 679 1226 τις,
704 1151 842 1219 ἐκκλίνας
862 1147 982 1234 πτερόν.
1024 1152 1031 1184 '

248 1232 345 1318 Ἐρᾷν
369 1233 403 1296 δὲ
426 1238 568 1318 φανερῶς
589 1236 714 1298 κάλλιον
737 1239 791 1298 τοῦ
813 1235 960 1318 λαθρίως.

249 1317 359 1402 Ἔρδοι
380 1341 423 1386 τις
445 1319 481 1401 ῆν
505 1319 633 1386 ἕκαστος
656 1319 751 1400 εἰδείη
773 1318 893 1402 τέχνην.

251 1401 496 1487 Ἐρεσχελοῶσιν
520 1404 550 1466 αἱ
571 1407 707 1488 κορῶναι
730 1402 830 1467 ἀετόν.

243 1484 402 1570 Ἕστηκοις
427 1488 517 1550 εἰκὼν
543 1489 577 1552 ἐκ
600 1493 722 1573 γραφῆς
744 1487 776 1550 ἓν
801 1484 896 1571 σχῆμ’
923 1482 1015 1568 ἔχων.

245 1569 336 1635 Ἔστι
358 1571 390 1634 δ’
417 1573 533 1656 ἀνάγκη
556 1572 654 1657 χρῆμ’
678 1572 802 1656 ἄμαχον
824 1575 874 1634 καὶ
895 1574 958 1636 τοῖς
975 1570 1070 1640 θεοῖς.

246 1653 335 1720 Ἔστι
359 1657 444 1740 δίκης
466 1658 638 1740 ὀφθαλμὸς,
662 1657 743 1725 ὅστις
763 1656 861 1718 πάνθ’
889 1651 957 1737 δρᾷ.

246 1737 352 1804 Ἔστω
373 1741 408 1804 δὲ
427 1742 548 1823 ταμίας,
564 1741 662 1804 τάλλα
687 1743 718 1804 δ’
742 1743 770 1804 εἰ
790 1741 908 1824 βούλει,
928 1741 1020 1801 κύων.

252 1822 299 1888 Εὖ
324 1826 466 1908 κείμενον
488 1827 526 1888 δὲ
546 1827 579 1888 τδ
601 1827 694 1895 κοικδν
717 1826 753 1889 ού
775 1824 923 1907 κινητέον.

252 1906 300 1972 Εὖ
323 1909 418 1986 οἶδεν,
442 1910 540 1994 ἅσπερ
564 1908 687 1994 ἔφυγεν,
703 1906 863 1994 Εὐκράτης
885 1907 986 1975 όδούς.

251 1991 556 2078 Εὐμετοιβολιύτερος
576 1995 803 2078 χαμαιλέοντος
826 1994 863 2055 εί.
982 2030 984 2037 =

251 2074 360 2141 Εόνοι’
386 2077 513 2162 ἄκαιρος
535 2079 625 2142 οὐδὲν
649 2079 707 2165 ἔχθ
730 2102 765 2147 ας
788 2076 939 2162 διαφέρει.

250 2160 329 2246 Ἐφ’
352 2162 444 2240 αύτδν
466 2164 578 2242 ἕλκων,
600 2167 680 2227 ὥστε
705 2103 837 2231 θαικίας
859 2161 964 2244 νέφος.

147 2301 148 2308 ,
250 2243 329 2331 ’Ego'
350 2247 441 2314 αὑτὸν
466 2248 577 2324 ἕλκων,
600 2251 679 2312 ὥστε
701 2248 856 2331 Μαγνῆτις
879 2244 973 2312 λίθος.

250 2328 400 2416 Ἐχθροῖς
421 2333 563 2396 ἀποσπῶν
589 2333 702 2417 μήποτ’
724 2333 760 2398 ἀν
785 2331 897 2398 πάθοις
922 2329 1049 2414 βλάβην.

252 2413 356 2498 Ζῆλος
376 2419 518 2498 γυναικὸς
534 2419 632 2482 πάντα
653 2422 809 2502 πυρπολεῖ
827 2415 934 2498 δόμον.

251 2499 362 2583 Ζητῶν
383 2501 440 2585 γάρ
463 2501 545 2586 ὄψονΙ
564 2503 723 2585 θοιμάτιον
747 2504 906 2565 ἀπώλεσα.

252 2582 365 2667 Ζῶμεν
389 2587 458 2670 γὰρ,
483 2586 542 2671 οὐχ
558 2591 601 2656 ῶς
622 2587 769 2671 θέλομεν,
801 2586 869 2649 ἀλλ’
892 2588 935 2652 ῶς
957 2584 1126 2668 δυνάμεθα.

251 2666 344 2737 Ζωδς
363 2675 477 2754 γενήσῃ
502 2673 664 2755 κρομμύου
688 2671 780 2754 μόνον
803 2673 918 2755 λαβών.

249 2750 292 2816 Ἡ
316 2753 406 2836 ἄγνος
425 2756 523 2834 ἀνθεῖ,
545 2759 596 2818 καὶ
617 2759 633 2820 ό
654 2757 763 2841 βότρυς
783 2755 972 2818 πεπαίνεται.

243 2835 289 2900 Ἢ
315 2839 365 2900 δεῖ
381 2842 522 2924 χελώνης
540 2839 617 2923 κρέα
642 2845 762 2924 φαγεῖν,
786 2841 871 2922 ῆμὴ
896 2842 1015 2923 φαγεῖν.

248 2920 291 2984 Ἡ
312 2923 428 3006 γλῶσσ’
453 2925 673 3008 ἁμαρτάνουσα
696 2925 816 3009 τάληθῆ
840 2923 932 3006 λέγει.

243 3004 289 3068 Ἢ
313 3011 368 3092 ζῇν
390 3007 526 3085 ἀλύπως,
547 3011 567 3093 ῆ
592 3011 697 3088 θανεῖν
721 3009 924 3093 εὐδαιμόνως.

248 3090 291 3154 Ἡ
312 3093 415 3155 κοιλία
439 3094 473 3156 δὲ
496 3094 599 3158 πολλὰ
617 3100 719 3180 χωρεῖ
738 3095 863 3176 κῶλίγα.

147 3241 148 3246 ,
246 3176 289 3242 Ἣ
313 3178 368 3260 μὲν
390 3177 463 3246 θεὸς
487 3177 636 3263 ὑπέβαλλ’
660 3179 740 3262 ἐμοὶ,
758 3179 884 3263 ἥρπασα
907 3178 935 3240 δ’
959 3177 1030 3260 ἐγώ.

244 3260 289 3325 Ἢ
310 3260 401 3323 πέντε
426 3263 533 3337 πίνειν,
556 3264 575 3347 ῆ
598 3264 667 3348 τρί’,
687 3289 707 3347 η
732 3264 773 3348 μὴ
794 3262 932 3346 τέτταρα.

248 3344 290 3408 Ἡ
312 3345 461 3450 πορφύρα
483 3348 568 3431 παρὰ
589 3347 751 3432 πορφύραν
777 3346 941 3428 διακριτέα.

245 3429 336 3494 Ἤτοι
357 3430 553 3515 τεθνηκεν,ῆ
581 3433 717 3496 διδάσκει
740 3433 914 3516 γράμματα.

243 3513 288 3578 Ἢ
306 3515 367 3600 χρῆ
390 3517 549 3600 τραγῳδεῖν
572 3518 696 3593 πάντας,
720 3518 739 3601 ῆ
765 3517 971 3599 μελαγχοληῖν.

246 3598 366 3667 Ἦθους
378 3602 544 3706 χαρακτήρ
566 3601 628 3666 ἐστι
650 3601 676 3662 τ’
701 3601 868 3684 ἀνθρώπου
889 3598 988 3681 λόγος.

244 3679 351 3748 Ἥκειν
377 3706 507 3769 εχοντας
529 3685 599 3748 σιτί’
620 3687 746 3770 ῆμερῶν
768 3686 868 3768 τριῶν.
