3059 4492
738 473 889 568 „¹2⁸-

265 631 273 642 ’
360 643 475 707 Θῦιττον
495 640 513 723 ἢ
537 637 614 722 παρ’
642 636 835 724 Ἡρακλείτιρ
857 640 992 721 περίνεω
1012 636 1102 706 τόκος
1122 636 1240 722 τρέχει.

360 725 422 790 Καὶ
442 723 537 808 κρόκῃ
559 722 639 786 λέων
658 725 759 792 δεθεὶς
785 724 850 788 ἄνω
872 726 956 787 κάτω
979 724 1184 806 περισόρεται.

360 809 481 894 Κέρδος
504 807 649 894 αἰσχύνης
670 807 806 892 ἄμεινον.
829 809 900 871 ἕλκε
920 809 1030 893 μοιχὸν
1052 806 1083 875 ἐς
1108 805 1221 892 μυχόν.

360 893 450 978 Μήγε
472 897 576 976 μεῖζον
599 893 782 977 προσκέοιτο
804 893 999 976 τοῦπίσαγμα
1019 893 1157 975 θυλάκῳ.

361 977 415 1063 Μὴ
440 978 467 1040 δ’
493 976 598 1060 ἀμῦλη
620 979 680 1044 τὼς
698 980 804 1044 καλῶς
822 977 952 1055 ἄκανθα,
973 977 1046 1059 μηδ’
1063 973 1102 1038 αῦ
1123 976 1276 1061 πλαδδίη.

361 1064 413 1149 Μή
437 1059 469 1124 α’
492 1062 603 1124 ἐλαιῶν
628 1062 713 1130 ἐκτός
732 1063 905 1145 ἁρπάσαςό
928 1061 1027 1144 θυμδς
1046 1060 1175 1166 ἐκφέρη.

360 1148 414 1232 Μή
437 1145 503 1209 ποτ’
526 1143 560 1208 εό
582 1145 680 1230 ἕρδειν
702 1145 840 1229 γέροντα,
865 1146 944 1229 μηδὲ
965 1147 1100 1227 γείτονος
1121 1167 1209 1208 κυνα.

361 1233 449 1315 Μήτε
468 1231 575 1310 παῖδα,
599 1230 640 1312 μὴ
664 1233 803 1311 γυναῖκα,
825 1232 866 1314 μὴ
891 1232 985 1293 λάλον
1002 1231 1200 1313 κωπηλάτην.

361 1317 450 1399 Μήτε
470 1314 578 1376 Λυδῶν
605 1315 739 1397 κορύνας
757 1337 803 1397 γε,
827 1317 902 1398 μήτε
923 1315 1074 1397 μαστίγων
1101 1312 1235 1398 ψόφους.

362 1399 523 1481 Μουσικὴν
535 1395 627 1481 .ἔρως
645 1399 793 1475 διδάσκει,
815 1396 870 1482 κᾷν
894 1398 1031 1481 ἄμουσος
1050 1395 1072 1481 ᾗ
1092 1399 1126 1460 τδ
1147 1399 1230 1482 πρίν.

362 1483 455 1567 Νῦιφε
477 1483 528 1545 καὶ
550 1481 686 1566 μέμνασ’
699 1485 958 1561 ἀπιστεῖν,·ταῦτα
971 1488 1065 1568 νεῦρα
1077 1485 1130 1544 πᾶν
1146 1487 1276 1567 φρενῶν.

362 1566 457 1632 Νυκτὶ
475 1567 592 1650 φωνὰν,
613 1567 694 1630 νυκτὶ
718 1567 844 1651 βουλάν,
866 1568 948 1630 νυκτὶ
968 1567 1022 1630 τὰν
1045 1567 1128 1629 νίκαν
1152 1567 1255 1631 δίδου.

359 1649 397 1717 ‘0
420 1650 536 1736 φθόνος
557 1650 673 1718 δίκαιός
692 1651 764 1727 ἐστι,
783 1653 834 1715 τδν
855 1652 1029 1735 φθονοῦντα
1048 1651 1106 1734 γὰρ
1126 1652 1243 1714 δάκνει.

364 1737 443 1802 Οἶδα
462 1736 610 1803 πολλάκις
633 1737 770 1803 κολάσας
787 1735 939 1821 χάτέροος
960 1741 1016 1799 σοῦ
1039 1736 1191 1818 μείζονας.

363 1819 433 1886 Οἴσι
455 1820 559 1882 πιστὸν
581 1822 697 1901 μᾶλλον
720 1821 823 1899 οὐδέν,
843 1822 862 1904 ἢ
885 1820 968 1905 λόκιρ
991 1819 1144 1905 κεχηνότι.
1171 1843 1176 1854 ’

354 1902 461 1973 Ὅστις
480 1901 569 1987 ἔργον
593 1904 683 1966 οῦδὲν
706 1904 801 1990 εἶχεν,
821 1903 972 1989 Ἀρμένην
996 1905 1153 1989 ἐτείχισεν.

364 1988 409 2056 Οῦ
433 1989 468 2072 μ’
480 1988 573 2073 ἐχρῆν
586 1990 679 2072 σορὸν
694 1989 853 2073 πρίασθαι,
870 1990 951 2053 τοῦτ’
965 1989 1071 2074 όφλων
1085 1987 1277 2073 ἀπέρχομαι.

360 2072 444 2141 ΙΟῦτε
467 2073 518 2136 σὺν
540 2073 797 2157 πανωλέθροισιν,
819 2073 887 2136 οὔτ’
912 2073 984 2137 ἄνευ
1007 2072 1232 2156 πανωλέθρων.

364 2158 409 2223 Οὐ
424 2157 654 2243 φιλάνθρωπός
672 2181 715 2226 τις
737 2159 774 2220 εἶ.
798 2157 880 2243 ἔχεις
900 2160 1002 2239 νόσον,
1021 2158 1138 2244 χαίρεις
1159 2158 1276 2226 διδοδς.

364 2242 444 2308 Οὐδ’
469 2242 542 2305 ἄνευ
565 2243 647 2304 ἁλῶν
672 2244 830 2326 μεδίμνου,
855 2243 922 2306 οὐδ’
941 2243 1013 2306 ἄνευ
1036 2242 1152 2327 χρόνου
1174 2243 1277 2326 φιλας.

365 2325 430 2392 Οὐκ
453 2327 514 2410 ἐγώ
540 2328 639 2409 μοῦνα
662 2327 817 2413 κοθουρὶς,
841 2327 952 2391 ἐντὶ.κ’
976 2327 1069 2391 ἄλλαι
1093 2328 1267 2396 ἀλώπεκες.

354 2409 397 2476 Ὃ
422 2412 482 2494 ἐγὼ
505 2410 701 2492 σ’[ἐ]δίδαξσι
722 2412 839 2474 πέττειν
863 2411 979 2494 τέτταρ’
1003 2414 1047 2481 εἰς
1065 2412 1117 2494 τὴν
1141 2411 1277 2496 χοίνικα.

365 2494 434 2580 Οὐχ
451 2493 504 2558 ὑπ’
529 2496 643 2573 ἄλλων,
665 2496 745 2559 ἀλλὰ
766 2502 830 2565 τοῖς
846 2502 959 2560 σαυτοῦ
978 2500 1100 2579 πτεροῖς
1122 2495 1277 2559 άλίσκεαι.

364 2579 456 2644 Πάντ’
480 2580 535 2642 ἀπ’
556 2581 751 2664 ἀκροφοοίων
775 2605 808 2643 τε
829 2581 907 2664 κᾴπὸ
929 2581 1188 2666 κινναβεομάτων.

320 2713 323 2722 .
363 2662 518 2731 Πολλάκις
527 2685 574 2726 τοι
586 2664 682 2726 πόλλ’
697 2665 751 2726 ἀπ’
770 2666 891 2750 ἐχθρῶν
907 2666 1110 2748 μανθάνουσιν
1127 2666 1157 2726 οἱ
1167 2666 1278 2750 σοφοὶ.

364 2747 1276 2834 Πρδςστάθμηπέτροντίθεσθαι,μήτιπρδςπέτρῳστάθμην.

364 2831 519 2916 Πυρρίχαν
544 2831 594 2917 ἄρ’
622 2833 642 2894 ά
663 2833 803 2916 κάμηλος
825 2832 925 2917 ἔμαθε
946 2835 999 2897 τὰν
1020 2833 1178 2916 Κινησίου.

364 2913 414 3000 Τη”
436 2916 561 3000 άγρυξίηι
585 2915 723 2979 δέδενται
743 2917 853 3002 ἄνδρες
875 2920 905 2981 οἱ
926 2921 1097 3003 νικώμενοι.

364 2997 414 3085 Τῇ
435 3000 532 3106 πέτρα
546 3001 599 3068 δὸς
612 3002 645 3064 τὸ
664 3001 774 3070 σκέλος
786 3006 851 3080 σδν,
867 3005 918 3067 καὶ
929 3008 1095 3067 πεσοῦνται
1112 3001 1143 3064 τ’
1161 3003 1278 3086 ὤρνεα.

364 3084 445 3154 Τοὺς
463 3107 609 3168 γεροντας
624 3092 696 3154 παῖς
714 3089 876 3166 διδάσκεις,
889 3090 941 3151 καὶ
955 3089 1014 3172 πρὸ
1037 3092 1091 3170 τῆς
1107 3088 1279 3170 γενειάδος.

365 3168 464 3234 Τοῦτο
491 3171 528 3252 δὴ
548 3172 583 3234 τὸ
609 3172 695 3254 σιμόν
721 3171 886 3257 ἐίάμπρευ’
909 3173 981 3236 ἄνευ
1003 3171 1183 3254 κανθηλίου.

365 3251 419 3341 Τιγῖ
439 3258 564 3340 παλαιῷ
585 3254 760 3340 Λακρατίδη
783 3259 817 3321 τὸ
838 3257 945 3326 σκέλος
966 3256 1138 3344 βαρόνεται.

365 3335 419 3422 Τῷ
431 3340 550 3422 πράσου
566 3338 743 3425 φόλλιρ’στ’
756 3341 896 3425 ἐρώντων
908 3342 1073 3426 δεδεμένον
1083 3340 1279 3425 βαλλάντιον.

365 3418 434 3485 Τῶν
454 3446 489 3506 γε
510 3425 782 3511 διθυραμβοποιῶν
806 3431 877 3490 νοῦν
900 3425 982 3512 ἔχεις
995 3426 1160 3495 ἐλάττονα.

325 3552 330 3563 .
367 3505 452 3589 Φρὺξ
471 3509 547 3592 ἀνὴρ
569 3510 694 3593 πληγεὶς
713 3511 860 3593 ἀμείνων,
879 3513 930 3574 καὶ
950 3510 1190 3595 διακονέστερος.

364 3587 620 3676 Χοιροπωλήσειν
645 3591 758 3669 ἔοικας,
778 3596 805 3657 ιῦ
827 3592 978 3677 Κορινθία
997 3594 1095 3675 γόναι.

356 3670 438 3736 Ὧδε
462 3673 552 3756 μίσει,
574 3680 617 3745 ῶς
633 3678 788 3760 φιλήσων·
812 3682 856 3746 ῶς
877 3679 912 3740 δὲ
934 3680 1083 3761 μισήσων,
1107 3678 1201 3763 φιλει.

343 4002 632 4204 13)
648 3860 955 4202 fil
