3059 4492
547 619 587 686 ‘H
610 624 718 708 ῥαδινὴ
743 623 872 707 Μελίτη.
1001 627 1004 633 ’
1078 629 1171 710 ((71)

169 725 171 798 J
257 713 404 774 Nondum
427 711 517 770 etiam
539 712 618 772 senii
639 715 695 774 sub
717 715 832 786 limine,
854 715 977 789 puberis
999 715 1067 774 aevi

168 852 169 860 ,
298 798 431 871 Interiit,
447 796 562 869 Melite,
586 799 684 875 gratia
704 799 874 874 primatui.

168 899 169 942 1
257 885 406 946 Maiarum
430 881 485 941 sed
506 883 604 940 adhuc
625 885 767 961 splendet
787 883 877 942 nitor.
902 883 1015 942 eminet
1034 884 1110 944 illex

299 969 357 1029 Vis
379 967 468 1027 oculi.
492 969 650 1026 Annorum
673 977 720 1028 est
740 970 796 1030 sed
812 987 909 1044 neque
927 988 1046 1028 summa
1059 971 1173 1030 brevis.

168 1047 169 1124 J
258 1061 358 1130 Atque
379 1053 525 1130 puellaris
547 1063 648 1112 manet
666 1054 719 1112 illa
739 1054 903 1130 protervia.
927 1054 976 1114 Ob
995 1055 1088 1128 istud,

299 1140 437 1216 Tempus
460 1147 597 1198 naturam
619 1139 740 1198 vincere
762 1158 864 1215 posse,
887 1156 976 1216 nego.

548 1301 696 1368 Σπεὺδων
721 1305 749 1366 εἰ
773 1303 883 1387 φιλέει.
1079 1307 1174 1384 (Ui)

258 1394 441 1472 Experiens,
464 1411 552 1468 quam
573 1412 621 1450 me
644 1413 703 1451 non
726 1392 861 1472 segniter
882 1393 968 1450 ardet
987 1393 1134 1465 Ereutho,

302 1479 354 1542 Sic
375 1499 432 1558 ego
457 1497 510 1536 cor
528 1479 597 1536 ficto
622 1479 861 1560 compositisque
883 1478 959 1536 dolis

260 1565 485 1644 Adgrediebar=
508 1563 575 1640 Ego
600 1563 710 1621 dicum:
732 1563 797 1621 Iam
820 1563 931 1639 migro:
954 1581 1080 1639 peregre

301 1651 374 1710 Ibo:
397 1648 485 1720 Vale,
506 1666 541 1704 ac
563 1649 657 1706 nostri
678 1648 756 1721 vive,
779 1648 891 1725 puella,
914 1667 1036 1706 memor.

260 1736 425 1815 Ingemuit,
448 1751 546 1807 neque
569 1732 723 1804 sustinuit,
744 1733 936 1808 frontemque
957 1734 1070 1804 ferivit,

303 1823 344 1880 Et
362 1822 472 1879 cirrum
492 1837 508 1874 0
528 1825 608 1876 torta
630 1817 751 1877 discidit
770 1837 870 1897 ungue
892 1837 991 1891 coma,

261 1905 304 1967 Ut
325 1922 526 1980 mansumque
547 1908 644 1980 rogat.
664 1903 772 1961 Fracto
791 1924 851 1962 nou
874 1903 978 1962 tardus
1004 1904 1104 1964 ocello

304 1990 448 2063 Credere,
467 1989 505 2046 do
529 1988 623 2049 victas
643 1987 774 2046 utilitate
796 2006 913 2046 manus.

262 2073 337 2137 Sum
356 2076 432 2134 felix
452 2075 522 2132 voti.
547 2071 629 2133 Nam
649 2073 730 2148 quod
751 2074 865 2134 fecisse
884 2073 1025 2132 volebam

305 2161 452 2222 Officium
473 2167 503 2216 et
521 2177 630 2218 munus
651 2159 710 2217 11οο
732 2159 821 2232 quasi
841 2158 955 2236 grande
974 2159 1053 2216 dedi.

476 2323 594 2386 Ὑπο
599 2325 770 2407 μνηστικὸν.
1083 2327 1177 2405 ζ(76)

518 2349 714 2470 Ἐνθαδεὲ
675 2409 730 2489 μὲν
753 2408 926 2492 χλοάουσα.

261 2498 325 2558 Hic
344 2517 418 2576 ager
436 2499 582 2556 umbroso
601 2515 753 2556 ramorum
775 2497 907 2572 tegmine
928 2516 1058 2558 vernans

305 2583 495 2644 Fructiferae
516 2581 631 2641 frondis
652 2582 786 2657 explicat
804 2601 892 2639 omne
913 2582 1015 2642 decus.

262 2670 325 2730 Hic
348 2669 461 2747 clangit
478 2687 585 2728 versus
607 2685 818 2742 cupressorum
843 2667 923 2725 iuter
942 2687 1057 2745 opacos

306 2754 467 2812 Pullorum
488 2761 584 2812 muter
606 2769 697 2810 rauca
718 2751 853 2810 cohortis
879 2752 956 2811 avis.

261 2841 326 2900 Hic
346 2839 497 2916 fringultit
519 2836 668 2909 acanthis,
690 2844 720 2894 et
741 2837 791 2894 hic
809 2837 951 2896 acredula
969 2847 1095 2914 questus

307 2925 502 3004 Ingeminaus
524 2925 603 2982 inter
627 2923 723 2981 densa
741 2923 848 2980 rubeta
870 2923 965 2982 sedet.

262 3009 342 3085 Quis
365 3010 440 3068 mihi
457 3009 578 3067 ludus'
569 3029 601 3066 111
624 3007 683 3080 his,
706 3027 773 3065 cum
797 3025 849 3065 vos
871 3008 976 3066 audire
996 2978 1156 3082 loquentes

308 3095 426 3168 Malim,
447 3113 536 3170 quam
556 3051 683 3152 Phoebd
703 3111 781 3169 quae
802 3101 894 3150 sonat
914 3093 976 3150 iota
994 3092 1121 3169 chelys?

261 3182 380 3255 Atquin
403 3199 452 3238 me
473 3180 585 3256 duplex
606 3186 729 3236 exercet
753 3196 833 3234 cura.
858 3177 968 3236 Videre

307 3264 389 3326 Nam
410 3265 493 3338 volo,
519 3282 635 3324 summe
654 3263 761 3334 virum,
782 3269 824 3334 te,
847 3261 1059 3336 Damalimqua
1071 3279 1181 3333 meam,

261 3350 336 3425 Qua
360 3350 460 3409 caleo:
484 3350 540 3410 sed
561 3369 610 3407 me
629 3347 703 3408 iuris
725 3347 830 3420 tutela,
851 3347 979 3423 piusque
1090 3371 1093 3375 ·

308 3436 474 3495 Dorcalide
496 3455 515 3494 a
535 3443 642 3494 tenera
663 3441 725 3490 tam
744 3431 850 3509 procul
872 3440 954 3490 arcet
975 3433 1083 3490 honos.

601 3599 723 3682 Θεσμὸν
742 3596 854 3679 Ἔρως.
1087 3600 1183 3678 (Ul)

261 3691 319 3750 Ius
340 3693 440 3750 nescit
461 3691 612 3750 violentus
634 3692 739 3750 Amor.
762 3688 914 3747 Diduoere
934 3693 1087 3746 amantem
