3059 4492
718 537 869 632 „2¹⁶-

341 707 402 782 Qui
421 692 519 764 nescit
539 705 635 777 illam,
656 723 815 780 perperam
836 707 893 765 scit
916 713 1060 764 caeteras.

340 876 390 936 20.
435 874 505 933 Tibi
526 875 599 932 muli
618 893 722 932 omnes
744 875 902 932 invident?
924 882 955 932 at
974 895 1034 932 non
1055 875 1140 934 boui.

339 963 379 1020 Et
399 960 513 1019 nemini
533 978 650 1030 omues,
676 959 816 1018 omnibus
840 979 927 1018 nemo
943 959 1064 1019 invidet.

340 1132 391 1190 21.
433 1129 483 1188 Ne
505 1129 642 1186 curiosus
666 1145 777 1204 quaere
798 1147 924 1189 caussas
947 1129 1093 1200 omnium,

341 1215 543 1289 Quaecunque
564 1213 649 1271 libris
666 1213 713 1271 vis
732 1212 955 1291 Prophetarum
977 1213 1085 1271 indidit

340 1301 453 1359 afflata
474 1296 571 1371 caelo,
586 1296 696 1374 plena·
707 1299 809 1356 veraci
824 1299 911 1356 Deo.

342 1385 409 1444 Neo
432 1392 538 1460 operta
564 1382 643 1441 sacri
666 1401 800 1459 supparo
823 1382 935 1442 silentii

340 1471 512 1546 Irrumpere
532 1467 619 1538 aude,
643 1467 698 1525 sed
718 1468 867 1543 pudenter
887 1467 1029 1545 praeteri.

342 1553 470 1615 Nescire
491 1551 580 1625 velle,
601 1570 678 1626 quae
700 1554 845 1629 magister
865 1551 1016 1610 maximus

340 1640 458 1698 Docere
477 1657 534 1696 non
558 1636 633 1710 vult,
657 1636 774 1694 erudita
794 1638 918 1696 inscitia
940 1643 996 1694 est.

335 1808 392 1866 22.
413 1817 414 1822 ’
438 1805 472 1867 Si
493 1813 522 1863 te
545 1804 707 1882 Tyrannus
732 1803 813 1862 falsa
838 1805 974 1882 adegerit
993 1805 1088 1880 loqui,

341 1891 428 1953 Nihil
449 1891 625 1949 indecorum
644 1907 700 1947 nec
721 1889 801 1947 bono
823 1890 883 1962 fac,
906 1908 962 1948 nco
976 1891 1056 1948 uiro.

342 1977 504 2038 Servilium
526 1975 553 2033 si
574 1976 733 2032 verberum
756 1974 885 2032 intentat
908 1975 1017 2047 minas,
1109 1998 1113 2006 ·

343 2061 377 2124 Si
399 2063 486 2122 triste
507 2060 612 2132 letum,
634 2059 785 2136 gratulare
807 2068 839 2116 tu
860 2059 925 2132 tibi,
966 2081 976 2088 ··

342 2147 431 2222 Quod
452 2156 482 2205 te
502 2144 636 2222 experiri
657 2145 733 2202 dura
752 2163 808 2219 per
827 2144 1011 2215 discrimina,

341 2232 454 2307 Quanti
474 2230 650 2290 aestimares
673 2228 841 2303 veritatem,
863 2229 998 2307 contigit.
1065 2252 1067 2255 ¹

343 2317 492 2378 Constare
513 2335 610 2392 parvo
628 2321 713 2371 tauta
735 2334 785 2374 res
808 2336 866 2374 non
884 2315 997 2373 debuit.

341 2403 510 2462 Poenarum
532 2400 642 2459 acerba
661 2399 740 2455 ridet
762 2402 871 2472 audax,
895 2399 998 2458 omnia

342 2488 403 2548 Pro
425 2488 550 2546 veritate
572 2484 623 2558 qui
639 2483 735 2555 timet,
755 2507 809 2562 pro
829 2504 862 2544 se
882 2484 965 2543 nihil.

344 2659 394 2716 23.
437 2655 506 2715 Nos
530 2656 689 2728 sciscitari,
713 2675 765 2713 cur
787 2653 898 2713 Catoni
918 2673 976 2711 non
999 2654 1110 2725 datum,
1144 2667 1147 2672 ·

345 2743 444 2818 Quam
468 2760 520 2798 cur
541 2742 643 2799 datum
664 2742 703 2800 sit
724 2738 902 2816 praemium,
924 2739 1040 2795 mavult
1061 2736 1147 2806 Cato,

345 2826 488 2888 Scisceus
508 2826 546 2883 ab
566 2827 646 2885 omni
668 2833 755 2903 parte
776 2824 914 2882 virtutem
936 2822 1058 2881 unicum

342 2911 469 2971 Virtutis
494 2929 563 2970 esse
584 2911 763 2988 praemium,
788 2927 877 2967 omne
897 2916 1031 2966 temnere

342 2998 472 3056 Paratus
494 2996 573 3054 ultro
596 2996 624 3054 si
645 2996 801 3054 offeratur:
824 2992 992 3050 Maximum
1016 3000 1063 3052 est

342 3082 466 3142 Ambire
486 3081 576 3153 nolle,
599 3099 688 3156 quum
710 3079 819 3137 mereri
840 3078 959 3158 sufficit.

343 3169 491 3244 Accipere
509 3164 588 3224 nolle
607 3185 697 3241 quam
720 3164 840 3236 mereri,
864 3163 961 3221 maius
986 3170 1041 3221 est

344 3338 394 3395 24.
440 3335 583 3395 Oblatum
603 3334 750 3393 honorem
771 3332 894 3391 reiicis?
918 3330 1084 3401 considera,

343 3420 426 3479 Num
446 3421 544 3479 fastus
564 3418 650 3493 illud,
670 3419 840 3478 rusticusve
861 3417 901 3475 sit
920 3417 1028 3493 pudor.

344 3506 439 3565 Aufer
458 3505 607 3563 cavillum.
631 3504 755 3564 comiter
777 3504 820 3562 sic
840 3501 944 3574 reiice,

344 3589 414 3649 Non
436 3589 523 3663 quasi
541 3609 685 3650 recusans
708 3588 888 3666 praemium,
910 3584 964 3644 sed
986 3581 1141 3640 differens.

345 3759 396 3820 25.
438 3753 556 3815 Natura
577 3758 615 3813 ab
636 3755 718 3814 omni
736 3758 942 3828 comparatum
964 3757 1011 3806 est
1029 3756 1169 3823 tempore
