3059 4492
642 499 793 594 -8-9*

159 714 160 739 ,
256 666 403 728 Carmine
424 667 583 744 placantes
606 669 694 743 pueri
715 669 796 743 qnod
817 668 940 725 duceret
961 687 1060 742 aures,

159 747 160 767 ¹
255 755 298 812 Et
321 771 451 829 puerum
471 771 598 811 somnos
619 754 739 829 placide
761 753 903 812 suaderet
923 754 1010 811 inire.

257 838 415 910 Carmine,
436 838 517 912 quod
539 847 645 897 sancto
669 838 828 914 Sapientia
848 837 974 912 protulit
997 858 1061 912 ore,

159 989 162 1005 ,
258 923 375 984 Omnia
396 921 572 983 Socraticae
593 931 734 1000 retegens
756 941 867 982 arcana
887 930 1039 996 senectae,

256 1009 425 1067 Imbiberet
444 1007 558 1069 teneris
580 1009 662 1082 quod
683 1016 803 1067 mustea
820 1008 961 1067 sensibus
986 1017 1081 1082 aetas,

257 1097 360 1168 Atque
381 1093 534 1168 impressa
556 1093 615 1150 sibi
635 1113 735 1150 rerum
758 1093 921 1152 simulacra
942 1101 1059 1152 teneret

257 1179 438 1250 Insinnans‚
458 1177 596 1251 udaeque
615 1178 728 1238 docens
750 1179 920 1237 inolescere
944 1180 1048 1252 monti,

259 1263 370 1324 Servat
391 1263 429 1320 ab
450 1263 595 1337 imposito
615 1263 731 1322 formas
753 1271 787 1320 ut
808 1282 877 1320 cera
900 1263 1012 1339 sigillo.

257 1348 336 1406 Inde
355 1366 432 1424 puer
452 1345 588 1424 Sophiae
609 1367 685 1422 quas
706 1368 769 1406 nox
790 1347 890 1422 sopita
909 1349 1022 1424 figuras

258 1433 420 1504 Intulerat,
440 1433 572 1509 vigilans
595 1433 731 1510 agitabat
752 1441 853 1490 mente
875 1431 991 1491 diurna.

258 1520 301 1577 Et
321 1516 405 1592 quod
427 1517 479 1575 vix
502 1518 625 1577 senibus
650 1519 717 1576 duri
737 1519 869 1576 tribuere
889 1518 1023 1591 labores,

159 1644 160 1649 κ
260 1602 377 1662 Infanti
394 1602 452 1659 fuit
474 1602 533 1661 hoc
554 1604 681 1679 puerilis
703 1604 813 1662 ducere
834 1603 930 1662 lusus.

159 1689 160 1707 ¹
259 1688 394 1747 Vixdum
414 1687 556 1746 firmabas
580 1689 683 1746 stabili
702 1689 832 1765 vestigia
852 1705 972 1765 gressu,

259 1769 395 1832 Ludicra
413 1771 499 1830 nulla
519 1774 585 1846 tibi,
605 1793 667 1831 non
688 1793 769 1831 vana
789 1773 952 1848 crepundia
972 1773 1066 1846 cordi,

259 1859 334 1918 Non
355 1858 469 1935 ignava
488 1858 585 1931 quies,
609 1878 671 1928 non
697 1859 811 1918 desidis
835 1859 898 1918 otia
919 1858 993 1931 ludi,

262 1942 324 2004 Sed
345 1945 455 2000 Musae
476 1950 583 2002 tenues
603 1944 750 2021 Pelignae
771 1941 870 2021 gentis
893 1943 1044 2013 alumnae,

261 2027 324 2090 Sed
347 2034 460 2087 teretes
484 2026 614 2089 Calabro
635 2029 782 2087 modulati
803 2028 924 2105 pectine
947 2035 1063 2098 cantus,

260 2117 361 2188 Atque
379 2115 528 2172 Maroneo
549 2115 716 2191 gaudentes
739 2133 809 2172 rure
827 2112 989 2172 Camenae.

260 2198 338 2257 Inde
359 2198 412 2256 ubi
435 2198 601 2258 succedens
625 2200 714 2258 annis
735 2199 909 2257 labentibus
933 2204 1017 2256 aetas

262 2283 421 2343 (irascenti
442 2283 594 2360 geminum
619 2285 794 2361 properavit
809 2283 956 2341 ,claudere
975 2283 1113 2351 lustrum,
1152 2321 1153 2326 κ

261 2369 336 2428 Non
357 2368 414 2426 tibi
437 2377 571 2427 cessatas
595 2370 727 2427 traduxit
746 2369 856 2426 inertia
877 2369 971 2426 luces.

261 2453 325 2515 Sed
347 2473 426 2528 quae
447 2454 528 2512 trina
547 2461 617 2512 tuas
639 2456 767 2514 mutavit
787 2452 893 2512 Gratia
915 2471 1020 2524 cunas,

260 2541 302 2598 Et
322 2539 378 2597 tibi
401 2538 535 2597 culturae
557 2541 674 2616 primos
698 2540 814 2598 afflavit
835 2540 958 2610 odores,

261 2624 350 2683 Haec
373 2631 405 2681 te
426 2624 652 2683 informandum
676 2625 784 2684 studiis
807 2625 937 2698 curauit,
955 2631 985 2681 et
1006 2623 1075 2698 ipsa

262 2709 430 2782 Tradente,
454 2710 610 2786 excipiunt
626 2711 764 2789 insignes
787 2718 851 2768 arte
873 2708 1019 2786 magistri,

264 2795 352 2870 Quos
373 2802 426 2852 tna
447 2814 534 2854 mens
555 2795 674 2868 docilis,
698 2814 826 2869 ceraque
852 2793 1012 2869 sequacior
1034 2794 1116 2852 omni

260 2880 476 2952 Praevertens,
495 2899 593 2939 annos
613 2881 706 2958 longe
729 2887 802 2956 post
826 2889 912 2957 terga
934 2878 1064 2954 reliquit.

263 2964 374 3041 Qualis
392 2971 561 3040 naturaque
580 2966 651 3038 soli,
675 2965 813 3040 coelique
836 2966 952 3036 favore,

260 3050 392 3108 Eniteus
415 3049 477 3108 alte
501 3051 594 3108 ramis
615 3069 650 3110 se
675 3051 796 3110 subiicit
817 3051 926 3108 arbos:

262 3135 351 3194 Talis
373 3135 479 3192 adulta
496 3136 553 3193 tibi
573 3137 671 3194 maior
689 3137 833 3213 surgebat
854 3136 886 3192 in
905 3136 997 3193 hores

261 3221 321 3279 Vrs
342 3221 448 3293 animi,
471 3239 612 3280 crescens
635 3221 762 3280 occultis
787 3220 925 3279 auctibus
949 3218 1025 3278 aevi.

261 3305 332 3365 Nec
355 3323 454 3379 mora,
477 3306 622 3376 fecundas
643 3306 798 3382 depromis
819 3313 944 3383 pectore
962 3304 1060 3372 dotes,
1108 3343 1109 3350 κ

261 3392 411 3451 Exactum
431 3391 515 3449 tenui
535 3392 686 3450 deducens
708 3392 829 3468 pumice
844 3409 975 3461 carmen,

263 3475 355 3549 Quod
376 3496 440 3534 non
464 3477 627 3552 so[l]licito
648 3477 801 3534 cruciabat
818 3476 892 3534 lima
909 3474 1027 3544 labore,

263 3559 328 3622 Sed
349 3562 432 3636 quod
451 3570 563 3638 sponte
587 3579 645 3619 sua
664 3561 808 3638 proprios
829 3559 970 3618 veniebat
993 3557 1033 3615 ad
1055 3562 1150 3627 artus,

261 3647 356 3706 Forte
379 3666 467 3724 epos,
490 3655 520 3704 et
538 3646 648 3705 molles
669 3647 795 3723 Elegos,
817 3663 1021 3719 numerosque
1040 3640 1183 3716 Oetulli,

262 3733 303 3791 Et
324 3731 434 3792 Parios
447 3740 561 3790 'natum
583 3732 717 3790 sermoni
736 3749 857 3788 carmen
879 3731 1003 3790 lambos
