3059 4492
724 477 878 572 Q..

342 639 384 706 ‘H
406 641 500 724 ζημία
522 639 658 724 πέφυκεν
680 639 714 704 ἐκ
737 643 925 724 περιουσίας.

343 721 482 811 Ἐχθροῦ
506 729 659 809 φρονῆσαι
681 727 810 808 μᾶλλον,
831 750 851 809 η
878 728 983 790 λαλεῖν
1004 727 1085 814 πέρι.

342 807 468 878 Ἀθῦός
489 809 563 885 ἐστι,
581 809 700 893 χρηστὰ
718 810 895 956 βουλεύειν,
915 812 1014 896 τριβή.

345 891 514 958 Βουλευτέ’
537 893 601 956 ἐστὶ
623 894 677 975 δὴν
700 917 716 956 τ
759 894 839 965 ἅπαξ
861 896 1014 980 κυρουτέα.

339 974 444 1047 Ὅστις
463 978 596 1042 πέποιθε
618 983 657 1061 πή
677 979 791 1062 πλάνη,
812 1003 923 1066 παραρ
945 986 1018 1045 ονεῖ.

345 1060 591 1168 Καταρρόνησσν
613 1066 729 1146 κτῆσιν,
751 1065 794 1126 ὧν
819 1065 902 1131 όλεῖν
926 1004 1012 1148 δόκη.

346 1146 434 1212 Πόλλ
467 1148 589 1262 ὑστερεῖ
606 1145 723 1230 πένητι,
744 1153 804 1212 πᾶν
827 1150 1016 1236 φιλαργόριρ.

347 1234 453 1297 Δεινδν
467 1233 511 1302 ,τδ
533 1234 614 1315 θῆλυ
638 1233 900 1315 δακρυοπλαστεῖν
921 1233 1024 1315 γόους.

345 1315 470 1402 Χρόνου
493 1317 523 1397 γ’
549 1317 683 1378 ὕποπτον
705 1317 818 1401 δῶρον.
840 1318 971 1402 ἁρπάζει
991 1318 1082 1405 ταχό.

347 1403 517 1484 Δυσηκοεῐν
543 1401 592 1464 δεῖ
609 1402 685 1483 πρδς
707 1401 829 1486 τυχόντ’
850 1402 1038 1486 ἐγκλήματα.

337 1482 380 1550 Ὃ
431 1485 542 1568 ροῦδον
564 1485 728 1569 ήγνόηκας,
747 1486 804 1549 οὐκ
827 1486 974 1550 ἀπόλωλέ
998 1511 1055 1554 σοι.

346 1509 507 1653 Μαδήτρί
527 1569 607 1631 ἐστὶν
628 1570 649 1652 ή
667 1569 792 1633 ’πιοῦσα
811 1575 865 1654 τῆς
883 1576 1010 1656 προτοῦ.

343 1651 497 1737 Ὁμόνοια
517 1653 629 1736 μείζων
652 1651 687 1716 ἐκ
708 1658 904 1738 καταλλαγῆς
923 1653 995 1742 ἔφυ.

345 1736 426 1821 Νίκη
451 1739 559 1822 ταχείηι
581 1739 631 1799 δεῖ
649 1745 848 1822 παρασκευῆς
869 1745 997 1824 μακρᾶς.

347 1821 487 1886 Φθίνοιτ’
513 1819 548 1886 ἂν
571 1821 664 1904 ἄλγος
687 1823 727 1905 μή
753 1823 892 1894 αὐξάνειν
915 1823 989 1910 ἔχον
1011 1825 1130 1910 πρόσω.

345 1905 453 1990 Βουλὴ
477 1911 651 1990 στρατηγῶν
673 1907 752 1970 ἐστὶν
776 1906 902 1994 ἀνδρεία
924 1915 1065 1994 στρατοῦ.

345 1987 559 2097 Εὐημερυῦσιν
580 1991 695 2074 αἵρεσις
715 1993 851 2056 θανοίτου
873 1994 964 2077 καλή.

346 2075 477 2158 Φευγειν
501 2076 534 2138 τδ
556 2075 667 2160 κέρδος
690 2077 753 2142 ἐστὶ
778 2079 936 2163 βασιλείας
954 2084 1086 2163 κρατεῖν.

344 2160 509 2244 Ἀνενδεής
529 2159 568 2239 εί,
593 2159 665 2223 όσον
690 2161 861 2226 ἐλαττόνων
889 2163 969 2247 ἐρηῖς.

339 2241 398 2313 Ὦς
421 2245 499 2307 ἐστιν
524 2245 683 2329 ἐγγήραμα
707 2247 798 2309 δυστυ
823 2247 865 2323 ἐς,
889 2246 1002 2331 φόβυςλ

335 2327 397 2394 *Ὃν
419 2330 508 2414 χάρις
529 2329 664 2414 ἐλήφθη,
684 2329 770 2394 τόνδ’
795 2270 954 2416 όίφειλεται
972 2331 1095 2416 τρόπον.

342 2409 379 2478 '0
401 2415 455 2496 γὴν
475 2415 618 2498 ἀφαιρεῖν
644 2416 677 2477 τδ
703 2413 804 2500 βέλος,
833 2417 869 2479 οδ
891 2418 1009 2493 δοῦναι,
1031 2416 1153 2502 πρέπει.

346 2437 474 2582 Πέφυκε
495 2498 628 2582 ταχότης
648 2502 699 2562 καὶ
723 2500 855 2586 βραδεῖα
874 2506 920 2585 τηῖ
940 2501 1041 2587 πόθιρ.

348 2581 488 2646 Θανάτου
505 2582 572 2644 ’σθ’
596 2583 717 2668 ἑταῖρος
739 2585 853 2669 ἀκλεὴς
874 2586 939 2671 βίος
960 2588 1070 2691 βροτιβ.

346 2664 472 2750 Μέρους
491 2666 635 2730 κακίστου
656 2668 771 2752 τέκμαρ
794 2669 890 2754 ὄχλος
912 2670 978 2732 ἐστ’
997 2670 1056 2733 ἀει.

345 2747 422 2818 Βίος
442 2751 541 2834 ἀθλίῳ
565 2752 719 2834 μήκιστος,
741 2753 838 2838 δλβίιρ
859 2753 985 2840 βραχός.

345 2832 474 2919 Ἀρετής
495 2835 638 2918 ἀφορμήν
662 2839 760 2900 καὶτὸ
784 2837 956 2923 δυστόχημ’
977 2837 1053 2924 ἔχει.

346 2917 420 2987 Τοῖς
442 2919 562 2988 ἀθλίοις
581 2925 653 2988 νοῦς
675 2922 798 3006 ὑστερεῖ
815 2945 849 2986 τε
868 2925 919 2986 καὶ
940 2922 1021 3007 πέρι.

342 3001 383 3068 ‘H
405 3002 586 3088 καρτέρησίς
606 3005 669 3068 ἐστι
692 3008 856 3091 δυστυχίας
876 3010 977 3091 λιμήν.

345 3086 408 3153 Καὶ
429 3092 493 3156 τοῖς
510 3087 659 3153 ποθοῦσιν
683 3090 802 3174 ὠκότης
823 3092 888 3155 ἐστὶ
912 3093 1010 3179 τριβή.

340 3170 430 3280 Ἔχει
454 3173 509 3255 μέν
534 3172 611 3236 ἰδίαν
632 3175 683 3238 καὶ
707 3175 791 3238 σκιὰν
813 3178 833 3258 ή
858 3175 924 3259 θρὶξ
950 3178 1015 3260 μία.

346 3261 470 3326 Δικαιος
491 3257 626 3342 ἐχθροῖς,
646 3261 750 3327 πιστὸς
771 3260 801 3322 ἐν
825 3262 963 3347 βουλαῖς,
984 3259 1082 3323 πόλει.

346 3339 415 3426 Κήκ
438 3346 497 3404 τῶν
518 3341 633 3405 ἀθώων
655 3345 770 3428 ψεῦδος
789 3345 933 3431 ἐκβάλλει
950 3345 1054 3414 πόνος.

345 3423 407 3490 Καὶ
428 3429 685 3510 πλημμελοῦντοίς
706 3428 785 3492 ἐστιν
808 3429 946 3512 εὐορκεῖν
969 3429 1068 3511 θέμις.

341 3507 443 3573 Ἔστιν
466 3511 483 3573 ό
504 3533 536 3574 τε
560 3511 640 3596 λήθη
685 3513 727 3574 ὧν
750 3537 809 3598 περ
829 3513 927 3590 οἶδας,
949 3516 1077 3598 ὠφελεῖ.

339 3589 379 3655 “Y
402 3615 446 3678 ριν
466 3617 502 3676 γε
525 3599 610 3678 μισεῖ
670 3619 731 3665 στις
752 3599 884 3704 ὑβρίζειν
908 3601 1002 3682 φιλεῖ.

347 3671 373 3739 Ε
406 3677 458 3740 καὶ
481 3677 613 3762 μέμυκεν
627 3619 736 3757 ἐλκος,
758 3705 779 3765 η
798 3681 830 3766 γ’
857 3681 936 3766 υθλὴ
959 3686 1054 3766 μενεῖ.
