3059 4492
647 487 798 582 *ii—i-

267 655 406 714 Laudare
428 655 566 732 quemvis
586 663 619 712 ut
639 656 770 714 libenter
788 657 910 734 diligas,

267 740 399 799 Laudari
422 741 459 798 ab
483 740 536 798 illo
560 739 702 814 vellete,
725 759 814 816 quem
836 741 947 819 diligis.

166 935 168 960 ι
268 915 317 974 26.
362 913 516 993 Quidquid
538 915 667 994 benigne
687 915 828 988 fecimus,
849 915 941 991 perit:
965 916 1026 976 nisi
1047 912 1080 976 id
1168 918 1174 936 ”

166 995 168 1002 ’
267 1000 383 1060 Bonum
407 1001 614 1073 admonentes,
637 1002 844 1078 exprimentes
866 1019 885 1058 a
901 1001 983 1061 melo

166 1087 167 1092 ’
267 1085 452 1161 Recipimus.
478 1105 582 1142 aurem
602 1095 688 1163 grata
709 1105 772 1144 non
793 1105 861 1144 raro
884 1085 943 1143 sibi

266 1170 346 1228 Velli
369 1171 506 1230 voluntas
529 1171 652 1246 petitur.
679 1191 697 1228 a
717 1171 799 1229 malo
822 1170 910 1247 exige
960 1190 964 1197 ⁴
1078 1182 1082 1198 ¹

267 1255 346 1314 Plus¹
362 1275 453 1331 quem
475 1256 550 1314 eatis
575 1256 625 1328 sit,
645 1265 679 1313 ut
698 1257 792 1329 feras,
814 1261 959 1332 quantum
982 1263 1030 1314 sat
1051 1265 1108 1314 ests

166 1487 167 1490 Ἴ
270 1425 317 1482 27.
363 1423 437 1483 Non
458 1425 560 1482 adficit
580 1445 640 1498 rue,
664 1425 692 1484 si
713 1424 785 1502 quid
807 1424 960 1500 expressit
976 1421 1092 1497 rubor,
1120 1468 1124 1474 .

166 1501 167 1510 ¹
268 1507 333 1568 Nec
354 1510 406 1586 qui
427 1510 554 1586 pudore,
578 1517 685 1586 sponte
705 1509 783 1584 quod
803 1529 862 1566 non
882 1507 956 1581 vult,
976 1509 1064 1568 facit.¹
1088 1504 1092 1512 ’

271 1593 361 1670 Sequi
382 1596 562 1667 trahentem,
582 1596 630 1654 cui
654 1595 744 1652 reniti
767 1603 797 1651 te
819 1595 912 1671 piget,
932 1635 938 1642 -

166 1697 167 1726 ἢ
268 1677 339 1738 Nou
362 1687 410 1739 eet
430 1679 580 1753 voluntas,
602 1680 708 1740 irentu
729 1688 777 1738 eet
794 1679 964 1737 infirmitas.

270 1849 318 1907 se.
364 1847 423 1922 Qui
442 1848 494 1906 eat
513 1849 652 1922 libenter,
676 1858 706 1906 ot
725 1848 838 1921 seem,
857 1849 906 1906 bn
927 1849 1056 1926 obligat:

166 1957 167 1984 ι
269 1933 460 1992 Deliberatcr
481 1935 561 2010 quod
584 1934 645 2006 dat,
667 1935 725 1992 hoc
752 1934 835 2010 capit
858 1933 931 1992 sibi:

166 2077 168 2098 ‚
268 2019 306 2076 Et
324 2019 376 2094 qui
391 2015 554 2091 moratur,
567 2029 615 2077 est
634 2020 756 2098 neganti
778 2017 946 2094 proximus.

271 2187 320 2246 29.
365 2185 400 2248 Si
418 2205 494 2262 quae
511 2187 641 2264 benigne
662 2189 777 2245 amicus
802 2185 834 2243 in
855 2197 884 2242 te
904 2185 1020 2254 fecerit,

271 2271 320 2332 Sic
339 2279 457 2350 gratum
480 2290 584 2331 eorum
607 2281 636 2330 tc
659 2290 748 2350 geras
768 2273 975 2347 interpretem,

270 2357 310 2417 Ut
332 2358 441 2435 dignus
466 2357 546 2430 aliis,
566 2357 626 2416 ista
647 2357 716 2416 dum
740 2355 865 2433 accipis,
887 2355 966 2413 fuas.
1073 2437 1077 2443 .
1123 2371 1127 2378 ·
1158 2378 1180 2440 s

269 2525 320 2585 ³0.
366 2527 423 2585 Est
445 2545 533 2602 quem
556 2545 666 2603 rogere
691 2527 786 2585 vetuit
805 2525 941 2583 infirmus
963 2523 1074 2600 pudor:
1104 2544 1135 2610 .'
1164 2545 1169 2556 ¹

270 2612 326 2671 Est
347 2629 435 2686 quem
458 2631 566 2688 rogere
591 2611 737 2688 compulit
760 2611 937 2670 necessitas.
983 2655 986 2660 .
1020 2623 1024 2631 ’
1074 2643 1078 2653 =

271 2695 350 2770 Quid
371 2696 451 2767 huic,
471 2697 541 2771 quid
560 2696 606 2754 illi
627 2697 727 2754 facere
748 2705 779 2754 te
800 2714 929 2754 munem⁴
946 2691 1109 2752 addecet?-

269 2780 449 2858 Expleudus
473 2781 526 2838 ille
549 2790 606 2854 est,
627 2782 697 2838 huic
718 2782 848 2840 eundum
871 2779 1068 2840 estobriam.
1146 2813 1149 2821 ,

270 2866 350 2932 Veta
370 2867 450 2924 huuc
471 2867 592 2937 rubere,
612 2866 751 2942 precibus
772 2866 855 2924 illius
877 2867 956 2924 fave.
984 2880 987 2887 '

270 2951 306 3008 In
324 2952 529 3028 promerenda
550 2952 648 3028 gratia
671 2952 785 3027 primus
808 2951 921 3028 medus

269 3036 337 3109 Est,
360 3055 507 3112 occupare
528 3045 610 3106 vota3
634 3037 790 3112 proximus
817 3037 911 3111 sequi.

271 3207 321 3263 31.
366 3204 427 3264 Hic
445 3224 554 3282 nempe
577 3205 639 3264 veti
659 3206 740 3278 finis,
765 3204 846 3262 ultra
864 3203 983 3280 iugera*

270 3290 369 3348 Fundi
390 3291 510 3366 paterni
534 3309 721 3350 summovere
743 3289 879 3346 iimitem.

270 3374 323 3436 Sic
344 3375 440 3433 multa
459 3377 609 3449 habende,
632 3376 674 3434 nil
696 3376 802 3433 habes.
823 3391 880 3430 nec
893 3371 1035 3440 interest,
1045 3385 1056 3416 ’τ

271 3461 372 3536 Quam
394 3462 557 3520 maximum
581 3462 630 3534 sit,
652 3460 732 3535 quod
755 3458 811 3516 tibi
833 3465 881 3515 est
898 3451 1111 3530 pauxillulum,
1151 3468 1159 3495 -·

271 3544 331 3618 Qui
353 3547 399 3606 sic
423 3547 539 3623 egendo
561 3547 716 3622 possidere
738 3554 769 3603 te
791 3548 890 3618 putes.
1024 3576 1028 3589 ·
1088 3532 1180 3588 ³¹*

271 3630 411 3706 Namque
431 3631 616 3708 empturire,
629 3631 733 3707 opinio
752 3627 938 3704 indigentiae
960 3629 1025 3682 e'st:
1072 3658 1074 3665 =
1130 3651 1133 3659 ·
1175 3636 1184 3648 ’

274 3716 312 3775 Et
333 3735 402 3778 esse
421 3735 567 3789 emacem,
592 3735 627 3776 se
648 3716 738 3774 fateri
759 3729 933 3791 pauperem.
986 3734 999 3762 s
1068 3727 1081 3740 ¹·
