3059 4492
642 509 792 604 ..Q-

388 677 552 754 Antiquae
568 678 719 755 Elpenoris
740 679 880 753 suffimen,
902 688 1028 736 sarraca.
1131 679 1171 737 41
1277 705 1279 709 ·

258 762 437 822 Aecinctum
457 763 555 820 ferula
576 771 606 820 te
628 763 736 841 legifer
757 763 856 822 iucalo
874 761 997 835 Brome,

259 851 424 907 Aeternum
445 849 547 925 magni
567 867 679 906 numen
697 847 892 906 memorabile
914 846 1020 920 Consi,

164 931 166 936 ’
259 934 352 1001 Pura,
376 951 472 1006 sacer,
495 933 630 1010 bigenem
650 933 771 1011 Regina
793 933 916 1004 indicta,
938 932 1054 1010 virago,
1100 928 1104 941 ¹

259 1021 327 1076 Mas
351 1018 469 1091 eadem,
489 1018 655 1092 mulierque
678 1018 863 1090 bimembris,
885 1018 1008 1089 Libera,
1026 1017 1150 1076 Bruma.

261 1102 334 1164 Sive
354 1103 387 1160 iu
408 1103 564 1162 Eleusinis
583 1103 694 1180 templo
716 1103 840 1162 laetaris
865 1102 969 1174 odoro,

261 1187 334 1248 Sive
359 1187 449 1245 etiam
471 1189 503 1246 in
522 1189 636 1266 Frugia
656 1207 724 1246 cum
747 1195 842 1247 matre
863 1205 975 1245 arcana
994 1183 1052 1264 agi'
1075 1205 1196 1260 sacra«

261 1271 333 1332 Sive
357 1273 445 1332 etiam
467 1274 499 1329 in
522 1272 623 1354 Oupro
648 1272 734 1350 degis
758 1292 826 1330 cum
847 1272 957 1330 Martia
977 1291 1115 1331 amoena.

261 1357 319 1415 Vel
343 1357 370 1417 si
389 1358 541 1434 frugiferis
563 1358 716 1435 percultae
738 1358 851 1433 pabula
873 1358 999 1432 campis,

263 1441 426 1519 cornigera
448 1462 512 1500 cum
535 1452 631 1501 matre
651 1452 704 1500 tua
722 1443 809 1502 Deus
829 1442 912 1501 Iside
932 1451 1048 1515 sancta,

263 1527 398 1602 Cumque
422 1529 502 1586 assis
524 1528 707 1602 famulabus,
729 1528 768 1586 ad
790 1527 872 1586 alma
890 1528 1003 1585 fluenta
1025 1527 1173 1586 Melonis:

262 1613 356 1672 Adsis
380 1613 450 1672 diva
469 1614 576 1672 favens
599 1615 637 1672 ob
661 1633 760 1672 rerum
781 1614 916 1689 praemia
937 1621 1053 1671 sancta.

452 1784 665 1859 Temperiomtm
686 1782 826 1856 suffimen,
850 1793 993 1840 aromata.
1134 1783 1174 1841 42

264 1866 455 1943 Temperiae,
474 1867 557 1926 Iovis
582 1876 613 1925 et
630 1866 733 1926 Iuritis
755 1874 861 1924 sancta
877 1882 1038 1943 propages,

263 1954 364 2010 Aurea
384 1953 445 2025 lex,
466 1960 496 2010 et
517 1953 576 2024 fas,
600 1959 630 2010 et
651 1971 713 2028 pax
736 1950 886 2010 ditissima
902 1970 1011 2024 rerum,

262 2036 395 2110 Vernae,
417 2039 600 2114 gramineae,
621 2056 774 2113 puraeque
796 2043 826 2093 et
846 2036 1078 2107 multivirentes,

264 2121 491 2195 Omnicolorcs,
515 2122 748 2181 suavelialautes
772 2121 879 2197 spiritu
900 2140 1040 2193 amoeno,

264 2207 446 2283 Temperiae
467 2208 591 2280 virides,
614 2214 779 2278 vomentes,
801 2215 831 2263 et
851 2205 1025 2282 speciosae:

263 2292 369 2351 Pallas
390 2293 513 2351 indutae
540 2293 629 2352 sertis
653 2292 835 2368 pubentibus
858 2299 955 2367 aptas,

265 2376 440 2455 Congerrae
456 2377 671 2453 Proserpinae,
699 2377 751 2434 ubi
774 2395 839 2433 eam
861 2371 1041 2435 solemnibu'
1061 2375 1176 2432 Parcae

265 2461 424 2530 Staticulis
442 2463 503 2521 luci
524 2470 666 2520 revocant
688 2469 718 2519 et
741 2460 866 2520 Gratiae
888 2467 1025 2520 ovantes.

264 2546 386 2607 Diiovis
404 2549 549 2624 imperiis,
576 2557 605 2605 et
622 2547 729 2606 Matris
751 2546 963 2621 opiconsivae;

264 2634 335 2692 Huc
354 2635 442 2692 mites
463 2633 502 2690 ad
523 2651 610 2691 sacra
630 2633 681 2708 pia
701 2631 871 2688 instaurata
891 2631 1004 2702 venite,

264 2718 421 2778 Ducentes
442 2719 592 2776 foecunda
615 2716 816 2795 propagmina
829 2723 1051 2793 tempestatum.

508 2887 638 2946 Semelae
657 2889 797 2963 suffimen,
820 2898 948 2946 atarneo.
1137 2883 1177 2940 43

232 3043 238 3060 ι
265 2972 365 3031 Elicio
386 2990 504 3047 pusam,
530 2980 705 3050 prognatam
728 2972 863 3048 principe
886 2970 1013 3042 Cadmo,

263 3058 439 3116 Formosam
461 3055 625 3130 Semelam,
647 3058 827 3129 cincinnum,
847 3056 1086 3128 vestifluamque,

264 3143 305 3200 Et
328 3150 454 3200 matrem
475 3141 580 3200 Brumi
599 3142 762 3214 laetabilis,
775 3134 817 3198 'et
835 3140 966 3198 ferulati.

263 3226 406 3286 Fulmina
428 3245 505 3301 quae
529 3245 614 3286 sacro
637 3227 750 3285 foetum
765 3233 982 3284 vexterraueum
1004 3221 1115 3300 abegit,

264 3312 410 3373 Aeternis
431 3312 508 3370 Iovi’
531 3313 678 3371 consultis
703 3312 793 3370 enixa
814 3311 931 3389 puella:

266 3396 364 3471 Quam
387 3397 510 3474 dignata
534 3397 619 3475 gravi
643 3407 690 3456 est
711 3398 826 3456 floreus
847 3395 1035 3470 Proserpina
1055 3393 1182 3463 honore,

220 3493 224 3505 ·
265 3483 352 3540 Inter
375 3483 520 3541 mortales
545 3484 633 3540 trima
655 3483 695 3540 ad
718 3483 843 3549 comitia
861 3480 951 3540 luant

266 3567 399 3644 Quando
423 3569 466 3624 tui
485 3567 592 3626 Brumi
612 3569 747 3626 referunt
768 3565 932 3644 genitabile
951 3581 1085 3642 germen,

266 3652 449 3713 Anclabram
474 3671 604 3727 sacram,
626 3662 656 3712 et
677 3671 776 3710 rerum
799 3650 879 3709 haud
897 3667 1009 3708 arcana
1019 3643 1182 3724 profunda.

266 3739 313 3798 Te
336 3738 405 3796 Des
426 3737 548 3812 patritia
569 3739 706 3797 obtestor
730 3745 797 3795 sata
816 3736 952 3813 principe
983 3731 1109 3803 Cadmo,
1127 3775 1129 3779 .
