3059 4492
671 502 820 596 —0—1*

287 663 387 726 ἄστεα
410 669 463 746 τῆς
486 664 563 747 ἰδίης
585 669 692 749 χρείης
712 669 802 750 χάριν
823 665 960 752 ἔμπορος
977 667 1075 732 εἶδεν·

331 749 508 832 Aeacidum
527 754 631 831 κοινῆς
654 752 734 835 ἀμφὶ
754 751 931 836 βιωφελίης.

636 841 720 896 Idem
739 839 856 898 Latiae.

285 921 466 982 Dousiades
487 923 588 999 patria
607 925 725 1000 patriae
748 925 917 997 studiosus,
940 935 1056 986 amator

328 1007 446 1080 Patria,
469 1007 613 1066 sustinuit
632 1017 721 1086 patre
743 1027 847 1068 carere
869 1029 936 1082 suo,

287 1091 415 1168 Oppida
436 1093 625 1168 perlustrans
648 1113 715 1152 erro
737 1097 911 1172 peregrina,
934 1104 1058 1171 paratus

328 1177 437 1252 Usque
455 1173 498 1234 >ad
518 1178 655 1255 Ripaeos
679 1180 803 1237 tendere
821 1180 1051 1256 Hyperboreos.

286 1262 441 1320 Mercator
463 1263 571 1338 cupide
594 1265 779 1340 sapiensque
801 1274 941 1342 vagatur:
965 1273 996 1322 at
1013 1267 1098 1324 iilum

330 1347 428 1424 Urget
452 1367 554 1423 opum,
578 1349 659 1406 hunc
676 1350 779 1407 variae
801 1351 986 1427 cognitionis
1010 1371 1104 1410 amor.

287 1431 452 1490 Diversum
476 1433 626 1492 meditans
650 1434 803 1492 sententia
825 1435 922 1512 surgit
945 1435 1073 1512 utrique.

331 1515 399 1575 Nec
419 1537 506 1577 mens
528 1537 588 1575 una
610 1518 684 1591 illis,
708 1519 748 1578 sit
767 1520 840 1576 licet
860 1539 921 1577 una
941 1520 1000 1578 via.
1082 1575 1083 1580 ,

287 1605 490 1660 Mercatorem
513 1604 605 1660 urbes
625 1603 763 1680 privatus
786 1605 887 1663 visere
908 1613 1044 1680 questum

328 1686 459 1745 Publica
481 1687 662 1748 Dousiaden
682 1687 802 1765 impulit
822 1690 948 1748 utilitas.

564 1934 759 2046 numum
783 1934 920 2012 uiuuu.

292 2105 318 2162 1.
364 2106 488 2182 Empta,
513 2109 544 2162 in
575 2103 610 2163 V.
636 2105 667 2164 Ο.
699 2105 894 2180 Giarroptoa
922 2107 1049 2176 Phaoni,
1077 2105 1204 2166 Senonas

603 2190 749 2265 Principia
768 2192 884 2247 obitum.

290 2271 324 2333 si
346 2275 414 2350 quis
434 2275 532 2332 adhuc
552 2276 667 2351 hospes
695 2283 832 2333 nostrum
854 2273 936 2332 videt
958 2275 1064 2333 ordine
1084 2276 1178 2355 longo

329 2359 447 2432 Funus,
472 2368 502 2417 et
521 2362 637 2418 atratus
660 2367 786 2436 pectora
805 2367 925 2418 moesta
943 2359 1069 2420 Patres:
1251 2369 1252 2372 ’

289 2442 338 2502 Ne
359 2452 477 2502 tantum
498 2464 654 2521 pompam,
675 2464 731 2502 nec
752 2464 811 2504 nos
834 2446 959 2502 miretur
977 2447 1015 2504 ab
1035 2447 1099 2505 illa.

330 2531 487 2606 Exequias
510 2530 626 2589 meritis
649 2530 791 2588 aestimet
809 2530 863 2587 ille
884 2529 972 2588 meis.

289 2618 418 2692 Magnus
442 2635 499 2692 ego
521 2615 640 2692 magnis
662 2615 755 2673 orior:
778 2633 874 2688 neque
892 2634 972 2672 nunc
985 2617 1059 2674 mihi
1070 2617 1202 2694 primum

332 2700 495 2774 Quaesitus
516 2701 604 2758 nosci
626 2700 753 2777 contigit
771 2701 851 2758 inter
870 2719 952 2776 opes.

289 2785 397 2844 Debeo
419 2792 556 2857 naturae,
580 2785 662 2860 quod
681 2805 744 2842 non
762 2803 885 2858 casuve,
909 2804 1007 2861 neque
1027 2787 1097 2854 ullis

330 2871 481 2929 Fortunae
502 2889 630 2946 possum
655 2870 765 2928 clarior
785 2889 855 2928 esse
879 2871 979 2930 bonis.

289 2957 338 3014 Me
361 2956 421 3014 sibi
441 2955 586 3013 iuridicae
609 2962 682 3032 toga
704 2955 837 3012 vindicat
857 2975 918 3013 una
938 2956 1104 3029 Minervae,

331 3041 371 3099 Et
385 3061 486 3099 rerum
509 3041 625 3098 domini
645 3041 745 3118 gloria
763 3042 863 3116 prima
880 3041 949 3099 fori.

289 3124 359 3183 Non
381 3134 484 3184 tamen
505 3134 535 3183 et
556 3133 670 3184 temere
689 3133 791 3184 tantas
810 3126 994 3203 accingimur
1011 3132 1102 3196 artes,
1136 3145 1137 3152 ¹

331 3209 398 3269 Nec
419 3210 544 3269 terimus
565 3211 649 3288 vulgi
668 3230 764 3287 prava
787 3211 941 3284 sequentis
961 3211 1027 3266 iter.

289 3295 356 3354 Nec
378 3315 435 3354 vos
457 3296 622 3372 polluimus
646 3304 769 3354 sanctae
790 3315 859 3352 mea
879 3296 1003 3353 numina
1025 3293 1120 3369 leges.

329 3380 609 3457 Attulimuspuras
636 3382 675 3438 ad
699 3378 787 3438 sacra
808 3387 909 3439 vestra
931 3397 1048 3436 manus.

289 3467 454 3524 Interdicta
473 3467 558 3537 viris,
581 3467 642 3524 nisi
664 3485 743 3542 quos
765 3466 903 3524 doctrina
924 3462 1056 3536 vocavit,

171 3618 172 3625 ἵ
218 3620 225 3630 ¹
330 3552 475 3628 Irrumpit
494 3552 597 3628 legum
613 3550 721 3608 limina
743 3568 831 3609 sacra
851 3568 936 3626 puer.

290 3637 475 3697 Atirocinio
497 3636 630 3714 linguae,
654 3637 819 3712 primisque
843 3634 997 3714 magistris

329 3722 476 3780 Protinus
494 3722 635 3798 ancipitis
657 3721 768 3780 transit
792 3720 831 3778 ad
853 3739 937 3778 arma
956 3719 1025 3779 fori.
