3059 4492
779 450 841 510 398

354 621 547 692 Omnitucus,
568 620 721 678 homiuum
743 629 882 680 scrutans
905 620 1048 678 mortalia
1069 621 1174 694 corda,

352 708 487 765 Aeterna
514 713 544 762 et
561 706 744 777 veneranda,
768 705 871 764 colens
894 705 962 764 sola
980 723 1075 764 aurea
1096 707 1174 778 iura,

354 789 439 863 Quae
458 791 556 848 varios
579 799 678 850 mutas
701 791 826 848 humani
847 785 972 866 pectori’
994 791 1113 864 fluctus,

353 877 452 952 Quam
478 883 649 952 agnoscunt
668 875 748 934 iuste
762 876 924 934 haerentes
939 877 1137 954 compagibus
1151 895 1267 936 omnes.

353 961 434 1020 Nam
455 960 535 1020 nosti
554 960 697 1018 interiora
718 961 905 1032 animorum
925 961 1006 1018 haud
1027 969 1057 1018 te
1075 962 1171 1018 lateat
1182 980 1267 1022 mens

352 1045 534 1110 Detrectaus
556 1041 674 1103 rationi'
698 1046 813 1122 iugum,
838 1042 1007 1122 cuppedine
1026 1045 1139 1121 iniqua.

354 1129 471 1190 (iuncta
488 1130 593 1203 tueris,
613 1139 720 1188 cuncta
740 1132 838 1203 audis,
861 1138 968 1188 cuncta
990 1131 1217 1191 admoderaris:

353 1216 389 1274 In
413 1224 443 1273 te
464 1223 545 1274 stant
566 1215 704 1273 mortalia
726 1216 810 1288 iura,
831 1216 992 1290 potissima
1013 1215 1090 1287 Dia3

352 1297 446 1360 Adsis
469 1301 664 1375 praestitibus
686 1301 755 1378 puri
777 1301 857 1360 sacri
877 1301 1062 1373 auxiliatrix,

353 1385 404 1446 Da
420 1385 557 1462 placidas
574 1386 699 1444 rationis
720 1406 806 1462 opes,
827 1387 973 1444 cohibens
993 1386 1116 1443 inimica

355 1469 504 1543 Consilia,
524 1471 711 1544 insidiantia,
731 1471 846 1546 iniqua,
870 1472 1012 1547 superba,
1037 1472 1168 1529 nefasta.

355 1641 390 1698 61
567 1641 662 1696 Dicae
686 1643 821 1698 Iustitiae
842 1641 982 1716 suffimen,
1005 1650 1058 1698 tac.

354 1724 493 1782 Iustitiae
516 1717 652 1782 ob‘testor
673 1724 816 1804 pulchrae
838 1724 1033 1783 omnituentis
1054 1725 1198 1797 ocellum,

354 1810 404 1869 Ad
425 1805 498 1866 lovi'
524 1809 683 1868 Dictatori'
703 1810 789 1869 sedet
805 1829 883 1884 quae
902 1809 1019 1868 illustre
1041 1809 1184 1884 tribunal,

356 1893 492 1954 Coclitus
516 1895 681 1954 endotuens
703 1915 805 1954 mores
826 1895 999 1953 mortalium
1019 1895 1198 1968 homonum,

354 1982 453 2054 Atque
475 1980 567 2038 ultrix
588 1981 725 2056 plectens
744 1981 876 2038 humana
895 1979 1031 2037 melantia
1047 1979 1139 2052 facta,

354 2066 403 2124 Ex
424 2083 519 2139 aequo
539 2066 602 2123 veri
624 2065 808 2142 coniungens
832 2065 977 2142 disparile
998 2084 1097 2123 omne.

355 2149 437 2208 Nam
457 2169 653 2224 quaecunque
674 2151 747 2208 viris
774 2151 926 2208 sententia
946 2149 1083 2227 pessima
1102 2150 1211 2223 suasit,

357 2233 504 2294 Consiliis
527 2235 598 2294 diris
619 2235 744 2293 infanda
767 2231 933 2294 volentibu'
956 2254 1105 2312 quaeque,

357 2318 429 2381 Sola
444 2319 545 2397 iugum
568 2322 726 2396 imponens
748 2321 870 2380 iniustis
892 2322 961 2381 iura
981 2321 1139 2391 ministris,

356 2405 542 2463 Iniustorum
563 2406 673 2479 hostis,
696 2404 843 2466 &natum
866 2406 948 2464 mitis
968 2407 1076 2462 amica.

356 2491 468 2549 Verum
490 2491 573 2550 adsis
599 2511 720 2567 semper
739 2492 842 2550 fausto
860 2491 929 2550 Dea
947 2491 1069 2548 numine
1091 2491 1183 2563 iusta,

356 2575 438 2633 Vitai
458 2583 491 2633 ut
512 2577 614 2634 veniat
635 2577 716 2650 finis,
739 2595 829 2651 quam
850 2577 952 2636 Morta
974 2577 1093 2652 profata
1113 2585 1170 2634 est

357 2744 396 2803 62
550 2746 647 2803 Dicae
666 2746 830 2820 Aequitotis
851 2747 991 2820 suffimen,
1011 2755 1065 2803 tua.

358 2829 386 2889 Ο
406 2830 487 2887 bona
509 2847 580 2887 curs
601 2831 767 2904 homiuum,
786 2830 932 2906 locuples,
954 2830 1123 2889 iustissima
1142 2831 1237 2908 virgo,

357 2913 486 2991 Semper
507 2934 613 2974 amans
636 2916 776 2974 homines
798 2915 939 2992 aequalia
955 2917 1023 2973 iura
1041 2915 1187 2986 colentes,
1349 2974 1350 2993 ,

357 3000 385 3060 O
411 3002 593 3073 veneranda,
617 3001 706 3058 beata
726 3001 805 3073 Dea,
826 3021 843 3058 ο
864 3001 968 3059 Iuritis
990 3001 1116 3072 honora,
1349 2996 1350 3045 l

356 3085 447 3142 Puris
470 3085 589 3145 iudiciis
611 3086 795 3163 dispensans
815 3086 932 3162 optima
950 3086 1028 3158 iura,

355 3165 424 3228 Nec
442 3179 574 3229 mentam
594 3171 752 3229 labefacta.
775 3171 886 3229 etenim
911 3179 1035 3230 cunctos
1056 3170 1224 3229 labefactas

357 3255 418 3330 Qui
439 3263 491 3313 tua
511 3277 574 3314 uon
597 3257 717 3314 subiere
741 3257 812 3314 boni
833 3257 915 3333 iuga,
939 3257 993 3316 sed
1013 3256 1112 3333 magis
1130 3257 1199 3332 ipsa

356 3340 507 3414 Indomiti,
533 3342 673 3400 horrifice
695 3342 848 3399 declinant
873 3343 1001 3399 verbera
1020 3341 1117 3419 flagri.

358 3423 505 3500 Concors,
527 3428 667 3485 omuibus
689 3446 795 3502 aequa,
822 3436 960 3498 venusta,
987 3426 1134 3498 dicacula,
1161 3426 1261 3494 amics,

269 3573 272 3578 ¹
356 3511 461 3570 Munia
482 3512 568 3588 pacis
588 3531 705 3583 amaus,
725 3520 825 3570 certae
844 3511 1042 3587 cupidissima
1059 3511 1149 3570 vitas.

357 3594 437 3653 Nam
460 3597 530 3673 plus
552 3597 742 3672 deteriusque
767 3597 870 3670 odisti,
893 3605 923 3654 et
944 3597 1045 3673 diligis
1070 3615 1209 3674 aequum.

357 3679 395 3738 In
414 3687 444 3739 ts
467 3682 560 3740 habet
577 3685 683 3756 virtus,
706 3682 738 3740 iu
761 3690 791 3741 te
810 3681 960 3760 sapientia
977 3682 1078 3740 finem.
