3059 4492
722 447 872 540 ju*

325 585 330 592 Ι
367 615 536 694 *Concepit
555 618 642 675 tereti
663 616 732 694 lege
753 617 852 674 soluta
873 614 999 693 pedum3

341 701 431 760 Vatis
454 710 484 760 et
502 701 646 761 Historici
667 702 766 759 fuerat
783 721 860 776 quae
884 701 1004 778 singula
1024 715 1166 777 maguum

384 787 542 863 Accipere,
563 788 613 845 hic
634 806 713 846 unus
737 787 873 861 praemia
894 787 997 844 iuncta
1017 786 1102 844 feret.

380 957 427 1016 15.
476 958 516 1013 In
538 955 707 1014 Suetonium
726 957 765 1012 ab
787 957 893 1014 Inuoco
917 955 1087 1014 Caecubono
1108 939 1224 1016 editum.

342 1041 468 1118 Imperii
487 1060 642 1118 procerum
664 1039 862 1116 T[r]anquilli
884 1040 1006 1098 condita
1027 1040 1114 1099 libris
1135 1050 1139 1056 ’

387 1125 484 1186 Gesta
505 1125 665 1185 vetustatis
688 1126 852 1184 obsoluere
872 1126 941 1183 situ.

344 1209 528 1270 Caesaribus
550 1211 679 1287 patriam
701 1211 826 1268 dederat
846 1229 1014 1284 nomenque
1033 1230 1189 1288 genusque

387 1296 602 1372 Tranquillus:
622 1296 721 1352 lucem
743 1296 873 1353 reddidit
891 1297 1019 1355 Isacius.

345 1382 481 1440 Tradere
502 1400 551 1440 res
573 1388 676 1458 gestas
700 1400 784 1453 aevo,
808 1401 869 1439 non
892 1382 998 1438 ultima
1021 1380 1176 1450 lausest:

388 1465 572 1526 Caesaribus
591 1465 689 1522 lucem
709 1466 846 1536 reddere,
870 1464 1055 1525 Caesareum
1079 1474 1134 1524 est.

472 1636 519 1693 16.
559 1637 598 1693 In
619 1630 803 1700 Murredium
824 1638 869 1692 Io.
891 1637 985 1692 Jecur
1003 1635 1136 1694 Pontooi.

321 1715 496 1778 ‘Pristinus
519 1720 654 1796 auspicio
675 1719 809 1777 Pontani
830 1720 964 1778 redditus
988 1728 1036 1779 est
1056 1740 1135 1778 nunc

385 1805 541 1863 Macrobio
562 1805 643 1861 cultu
666 1805 721 1862 sub
741 1804 856 1879 potiore
876 1805 965 1862 nitor.

346 1888 484 1948 Gaudete
505 1910 523 1947 o
546 1898 678 1946 veterum
702 1889 881 1965 scriptorum
904 1889 1050 1966 naufraga
1071 1890 1169 1962 turba,

389 1972 423 2034 Si
445 1993 522 2050 quos
537 1975 684 2032 Macrobii
706 1974 796 2032 docta
814 1993 948 2050 papyrus
972 1975 1071 2032 habet.

345 2058 435 2117 Hanc
457 2079 512 2136 per
529 2060 717 2118 Macrobium
741 2060 833 2117 vitam
858 2060 1015 2136 spirabitis
1039 2059 1122 2130 olim,

389 2144 476 2220 Quae
497 2165 553 2222 per
571 2145 743 2203 Pontanum
767 2144 885 2202 reddita
904 2145 1058 2203 Macrobio
1081 2152 1136 2202 est.

491 2315 539 2372 17.
584 2316 623 2370 In
644 2316 805 2372 Acriocum
827 2315 960 2372 Danielis
982 2312 1104 2370 Heinuii.

345 2391 560 2474 Melpomeuae
579 2417 697 2456 sacrum
722 2401 795 2457 facit
816 2399 974 2457 Heinsius.
995 2418 1048 2456 ore
1070 2399 1181 2470 favete,

387 2482 469 2541 Dum
491 2484 587 2558 quatit
607 2485 777 2561 Aeschyleo
802 2484 921 2560 pulpita
943 2484 1023 2559 picta
1047 2483 1135 2559 pede.

346 2566 429 2626 Cede
450 2567 631 2644 Sophoclaei
652 2587 773 2626 carmen
794 2570 898 2646 regale
918 2569 1071 2638 cothurni3

388 2651 495 2710 Cedite
515 2652 672 2728 Cecropiis
690 2655 798 2730 plausa
820 2654 938 2712 theatra
961 2653 1071 2710 choris.

344 2737 498 2813 Principis
519 2737 572 2794 ille
596 2738 692 2795 vicem
719 2739 860 2810 subitam,
884 2739 1078 2812 strictumque
1101 2736 1203 2794 dolose

388 2820 462 2880 Non
485 2830 663 2899 exspectato
686 2824 800 2880 fulmen
823 2825 860 2881 ab
882 2824 972 2882 hoste
995 2823 1087 2894 canit,

344 2908 385 2965 Et
404 2908 498 2964 fixum
515 2908 547 2966 in
569 2907 667 2984 patria
687 2909 756 2965 dum
776 2909 877 2984 figitur
895 2909 926 2966 in
946 2907 1042 2980 Duce,
1063 2907 1182 2965 vulnus.

387 2991 477 3050 Hanc
498 2993 553 3050 tibi
575 2993 659 3050 nulla
680 2994 745 3052 dies
768 2993 866 3065 tollet,
887 2987 984 3060 lberess
1004 3000 1116 3051 notam.

344 3077 739 3153 GrandiloquisqueHeinsi
753 3079 980 3152 numeris‚quae
992 3077 1123 3155 dedecus
1136 3095 1197 3132 una
1212 3083 1259 3133 est
1305 3130 1314 3150 ,
1340 3105 1343 3110 -
1368 3145 1369 3152 ¹

386 3165 471 3222 Mors
490 3163 556 3236 tibi,
575 3163 734 3222 Nassovio
758 3165 820 3221 vita
840 3161 982 3240 perennis
1006 3163 1070 3220 erit.

456 3335 502 3392 18.
544 3337 582 3392 In
604 3335 748 3391 Bolduini
770 3334 937 3391 Berlioomia'
958 3332 1151 3388 fflorootc'cha.

346 3416 489 3477 Carmina
511 3419 671 3476 Berlicomi
693 3438 756 3477 non
779 3437 854 3476 vano
877 3416 989 3476 sublita
1009 3417 1092 3487 fuco,
1166 3461 1169 3464 .

389 3501 451 3562 Sed
471 3511 599 3577 castum,
623 3511 654 3561 et
675 3523 768 3580 purae
789 3512 859 3562 sunt
880 3501 1007 3564 Pietatis
1029 3519 1116 3576 opus.

343 3588 418 3664 Ipse
440 3589 560 3662 quidem
581 3598 702 3665 poterat
723 3589 800 3648 votis
822 3587 987 3647 maioribus
1009 3603 1083 3643 usus

386 3672 459 3731 Alta
478 3675 622 3731 Maronea
641 3676 735 3733 verba
754 3690 863 3732 sonare
886 3672 972 3729 tuba:
