3059 4492
763 527 915 622 -.⁵²—·

381 693 451 752 Nec
470 695 571 753 facere
591 695 650 752 hoc
669 701 800 771 poterat,
821 695 903 771 quod
924 695 1009 754 Naso
1031 696 1145 755 fecerat
1167 699 1254 774 olim,

401 807 405 814 ·
425 778 525 854 Quam
545 781 596 855 qui
617 777 752 839 Nasonis
775 801 882 856 corque
904 782 1097 858 animumque
1116 783 1203 860 gerit.

384 949 413 1008 9.
457 949 663 1007 Adeoelam
683 953 718 1007 de
737 950 929 1023 [amaran
953 953 1052 1009 edente
1067 953 1298 1029 Lycophroaem.

381 1036 480 1094 Antra
500 1035 668 1092 cothurnati
685 1042 845 1112 penetrare
867 1035 1075 1110 Lycophronis
1095 1057 1199 1110 ausus,
1372 1045 1373 1050 ’

382 1121 519 1178 Maturus
542 1119 660 1191 studiis,
685 1120 740 1178 sed
758 1120 810 1177 vix
830 1138 972 1196 egressus
995 1122 1106 1197 ephebi

381 1203 553 1280 Vesticipes
575 1223 683 1276 annos,
706 1213 736 1262 et
756 1204 862 1261 limina
879 1205 1002 1280 puberis
1026 1207 1104 1279 aevi,

382 1290 533 1348 Meursius
556 1289 612 1346 has
633 1289 745 1348 virides
770 1296 900 1366 segetes,
920 1291 1091 1365 messisque
1112 1292 1232 1349 futurae

381 1373 549 1445 Primitiae,
570 1374 631 1447 dat,
654 1375 788 1446 Phoebe,
810 1374 864 1431 tihi
884 1395 940 1450 pro
962 1382 1113 1452 tempore:
1136 1377 1189 1434 nbi
1210 1385 1298 1437 aetas

384 1458 475 1516 Hunc
495 1459 614 1516 firmata
636 1460 734 1518 virum
755 1459 928 1535 perfecerit,
951 1460 1056 1538 accipe
1075 1479 1217 1522 messem.

387 1628 435 1687 10.
480 1630 520 1686 Ia
540 1627 649 1684 Lucilii
666 1629 846 1703 Frapmeato
868 1629 986 1686 collecta
1008 1639 1035 1687 et
1054 1633 1132 1688 edita
1154 1651 1173 1688 a
1195 1632 1298 1690 Fran·

519 1731 523 1741 ·
738 1716 811 1770 caeo
832 1713 944 1770 Doara.

385 1796 479 1872 Quod
497 1796 601 1854 doctos
621 1797 715 1854 laceri
735 1793 835 1854 Lucili
857 1797 973 1874 colligit
994 1805 1087 1870 artus,

425 1883 563 1939 Membra
583 1878 651 1940 suis
667 1882 796 1940 reddens
818 1882 938 1960 singula
957 1889 1094 1958 quaeque
1115 1883 1204 1956 locis,

383 1965 469 2040 Quae
481 1965 643 2026 Ciceronis
664 1975 742 2039 erat,
758 1967 883 2026 Iuvenis
906 1985 985 2024 nunc
1007 1967 1101 2025 civica
1122 1969 1266 2043 Dousae3

426 2051 624 2126 Quinmaior
644 2053 782 2125 Dousac,
804 2072 894 2128 quam
919 2050 1077 2110 Ciceronis
1096 2054 1161 2112 erit.

383 2138 502 2213 Eripuit
518 2138 635 2197 facibus
658 2135 808 2196 Catilinae
830 2136 949 2196 Tullius
971 2139 1092 2196 urbem:

425 2222 572 2280 Restituit
593 2224 675 2283 cives
699 2224 748 2281 hic
770 2223 825 2281 tibi
848 2223 947 2280 Roma
969 2229 1050 2281 tuos.

387 2393 435 2450 11.
457 2395 498 2450 Io¹
506 2393 689 2450 Martialium
707 2392 854 2468 Capellam
869 2395 974 2450 editura
988 2393 1024 2448 al
1039 2392 1163 2468 Hapone
1183 2393 1300 2455 Grotio.

383 2477 475 2554 Hugo
501 2478 625 2536 soboles
647 2475 770 2535 Grotius
797 2477 902 2553 optimi
924 2476 1071 2553 parentis,
1372 2473 1373 2482 ’

384 2562 444 2637 Qui
467 2563 573 2619 limina
593 2561 728 2620 nondum
752 2562 850 2638 tetigit
870 2562 992 2637 puberis
1015 2561 1092 2633 aevi,

384 2645 448 2706 Sed
466 2655 567 2704 mente
590 2647 680 2704 senili
699 2655 818 2704 teneros
840 2647 999 2722 praevenit
1020 2665 1128 2720 annos,

383 2732 526 2808 Magnum
548 2731 711 2803 meditans,
732 2731 876 2806 auspiciis
900 2731 996 2788 noluit
1013 2732 1074 2788 illis

382 2815 579 2888 Praeludere,
603 2835 680 2891 quae
701 2817 881 2892 vesticipum
901 2816 1041 2893 postulat
1063 2824 1164 2888 aetas3

387 2899 448 2960 Sed
470 2901 577 2958 maluit
594 2920 613 2957 a
633 2901 799 2978 grandibus
824 2900 965 2958 inchoare
988 2902 1111 2978 coeptis.

381 2985 464 3045 Nam
490 2986 541 3062 qui
563 3005 660 3062 penus
685 2994 742 3057 est,
767 2986 865 3044 omnis
889 2994 918 3043 et
939 3004 1009 3042 arca
1030 2985 1220 3062 disciplinae,

384 3070 445 3131 Sed
467 3091 555 3146 quem
577 3071 763 3129 horridulum
785 3071 895 3128 iniuria
916 3071 1065 3144 squallore
1086 3078 1221 3129 vetustas

383 3157 477 3218 Omni
498 3157 665 3215 studiorum
688 3156 783 3213 nitido
808 3156 963 3213 abdicarat
984 3175 1052 3228 usu,

381 3242 470 3301 Illius
491 3243 528 3300 ab
551 3241 658 3299 incude
679 3241 842 3317 profectus,
869 3249 958 3315 atque
981 3259 1110 3299 amoeno

384 3325 549 3402 Splendore
569 3327 698 3398 micans,
719 3345 870 3401 purpurea
889 3334 974 3384 veste
994 3327 1122 3385 decorus

384 3410 549 3487 Cultusqnc
571 3432 649 3470 novo
671 3411 792 3488 pumice
815 3412 983 3469 Martianus
1007 3411 1081 3470 exit.

383 3494 530 3554 Cernisne
554 3505 588 3555 ut
608 3505 748 3555 ovantem
771 3497 880 3572 lepido
894 3497 969 3554 flore
990 3497 1142 3565 iuventae,

384 3578 583 3639 Commendet
600 3601 667 3640 eum
686 3581 784 3659 gratia
802 3581 925 3640 luminis
951 3579 1101 3638 recentis?

383 3663 481 3738 Quam
502 3666 567 3724 sive
587 3664 703 3739 habuit,
722 3666 855 3724 restituit
874 3664 999 3724 Grotius
1019 3665 1080 3735 illi;

384 3749 445 3811 Seu
467 3770 529 3810 non
550 3751 666 3823 habuit,
689 3750 817 3809 contulit
837 3751 916 3807 hanc
935 3747 1060 3808 Grotius
1080 3745 1135 3805 illi.
