3059 4492
723 507 784 566 14⁶

283 666 396 738 Ὅλοις
417 671 551 756 χελιδύν
576 691 620 738 τις
639 671 746 756 πρόσω
769 672 905 756 σχοίνοις
921 672 1022 754 πάρει.

282 751 345 818 Ὅν
370 754 408 818 ού
429 753 536 838 τρέφει
557 751 641 828 Κῶς,
663 755 734 818 οὐδ’
759 754 795 818 ἂν
817 754 970 837 Αἴγυπτος
993 754 1110 841 τρέφοι.

286 839 398 905 Ὀναιύ
421 839 452 922 γ’
476 839 562 902 ἁλσὶν
584 837 619 902 ἂν
644 840 847 924 διασμηχθείς
867 862 953 902 ποτε.

284 923 380 992 Ὅνος
406 923 539 1008 βαδίζεις
558 923 602 992 εἰς
622 922 725 1009 ἄχυρα
746 925 888 1008 τράγημα
910 925 973 986 σύν.

284 1007 381 1077 Ὀνος
402 1003 503 1092 λύρας
517 1006 645 1091 ήκουσε,
668 1009 719 1072 καὶ
743 1010 907 1091 σάλπιγγος
929 1007 972 1076 ύς.

283 1089 389 1157 Ὅπου
411 1093 457 1160 τὶς
473 1093 571 1174 ἀλγεῖ,
593 1097 678 1156 κεῖσε
699 1093 749 1156 καὶ
772 1093 826 1175 τὴν
848 1091 931 1178 χεῖρ’
952 1091 1028 1178 ἔχει.

287 1175 386 1261 Ὁρᾷς
402 1177 435 1240 τδ
458 1177 530 1239 Δῖον
555 1175 591 1240 ού
615 1176 707 1264 βέλος
727 1176 881 1240 διέπτατο.

288 1259 387 1345 Ὀργὴ
411 1258 580 1345 φιλούντων
605 1263 709 1345 μικρὸν
733 1260 834 1346 ἰσχύει
854 1260 976 1345 χρόνον.

283 1343 414 1430 Ὅρκοις
438 1345 492 1428 μὲν
515 1344 638 1430 ἄνδρας,
663 1346 867 1429 ἀστραγάλοις
888 1347 923 1408 δὲ
943 1345 981 1408 τὰ
1001 1345 1090 1409 παιδί
1110 1392 1119 1408 .

285 1429 433 1513 Ὄρνιθος
452 1429 533 1514 ὄρνις
554 1434 621 1499 πῶς
642 1429 677 1494 ἂν
698 1428 823 1511 ἁγνεύοι
845 1432 971 1514 φαγύν;

281 1511 344 1583 Ὅς
364 1513 457 1582 αὐτὸς
478 1513 569 1578 αὑτὸν
592 1515 648 1578 οὐκ
671 1513 747 1600 ἔχει,
768 1513 875 1598 Σάμον
896 1513 993 1577 θέλει.

282 1594 391 1666 Ὅστις
414 1597 463 1660 ἐπὶ
484 1599 606 1661 δεῖπνον
629 1600 689 1682 ὀψὲ
709 1599 836 1682 κληθείς
856 1597 990 1684 ἔρχεται,

332 1683 352 1766 ἢ
400 1681 481 1751 ωλύς
504 1682 579 1760 ἐστ’,
601 1683 624 1766 ἦ
646 1681 703 1746 οὐκ
727 1683 827 1746 ἔδωκε
848 1684 1015 1769 συμβολάς.

287 1765 408 1851 Ὀσφυν
429 1770 597 1849 κατεαγὼς,
615 1769 694 1830 ὥστε
715 1766 837 1836 Μυσίας
857 1767 935 1836 ὄνος.

280 1847 355 1917 Ὅτ’
379 1851 522 1936 ἀργύριον
544 1849 578 1935 ᾖ,
596 1853 695 1915 πάντα
715 1853 769 1916 θεῖ
788 1851 981 1936 κᾴλαύνεται.

282 1932 380 2000 Ὅταν
404 1935 435 1998 δ’
460 1937 476 1998 ύ
498 1936 615 2018 δαίμων
639 1935 673 1999 εὖ
698 1938 785 2023 διδιγῑ,
803 1938 833 2000 τί
852 1939 902 1998 δεῖ
922 1936 1021 2020 φίλων
1030 1959 1040 2013 3

283 2015 354 2085 Ὅτ’
380 2019 520 2105 εὐτυχεῖς
543 2023 684 2103 μάλιστα,
709 2023 749 2105 μὴ
774 2020 852 2103 μέγα
872 2021 995 2104 φρόνει.

291 2102 338 2168 Οὐ
363 2106 463 2173 δεινδς
484 2106 591 2181 εἰπεῖν,
614 2106 695 2168 ἀλλὰ
722 2111 807 2190 σιγᾷν
830 2106 989 2172 ἀδύνατος.

291 2186 337 2252 Οὐ
362 2191 490 2257 δυνατδς
511 2187 595 2257 οἶκος
615 2189 660 2258 εἷς
680 2191 802 2274 τρέφειν
824 2191 916 2256 κύνας
934 2188 1000 2250 δύο.

291 2271 337 2337 Ού
361 2273 517 2358 μέμφεται
538 2271 744 2357 Κορινθίοισιν
762 2273 866 2338 Ἴλιον.

292 2354 337 2422 Οὐ
363 2358 417 2442 μία
439 2357 541 2442 λύχμη
564 2358 698 2442 τρέφοιτ’
722 2359 757 2422 ἂν
782 2359 945 2442 ἐριθάκους
964 2357 1031 2420 δύο.

292 2439 338 2507 Ού
360 2445 433 2510 παῖς
448 2441 633 2526 Ἀχιλλέως,
656 2443 728 2506 ἀλλ’
747 2443 914 2529 Ἀχιλλεύς
937 2441 1028 2510 αὐτὸς
1050 2440 1088 2504 εί.

291 2526 337 2592 Οὐ
360 2528 474 2596 παντὸς
497 2528 608 2611 ἀνδρὸς
629 2529 673 2596 είς
692 2525 844 2612 Κόρινθον
866 2527 936 2591 ἔσθ’
959 2527 976 2589 ὃ
999 2528 1108 2594 πλοῦς.

292 2609 338 2677 Οὐ
362 2610 440 2695 πρύς
459 2634 494 2692 γε
513 2611 626 2680 παντός
650 2611 729 2675 ἐστιν
750 2613 879 2696 ἀρτῦσαι
898 2615 1010 2679 καλῶς.
1088 2625 1092 2632 “

292 2694 337 2761 Οὐ
361 2695 476 2780 βορδίως
495 2695 552 2779 γὰρ
577 2694 639 2758 ἔστ’
665 2697 830 2780 ἀληθεύων
850 2695 947 2766 Κίλιξ.

293 2780 337 2848 Οὐ
362 2780 514 2862 στήσομαι
538 2779 639 2842 λέαιν’
665 2780 715 2843 ἐπὶ
738 2783 982 2865 τυροκνήστιδος.

292 2863 337 2930 Οὐ
361 2864 503 2927 τύπτεται
526 2863 556 2927 δ’
580 2866 596 2928 ὁ
616 2864 761 2950 πρέσβυς,
784 2865 852 2928 οὐδ’
877 2866 1041 2951 ὑβρίζεται.

292 2947 337 3014 Ού
362 2947 556 3034 φεισόμεσθα
579 2950 677 3012 τῶνδε
700 2952 829 3032 μᾶλλον,
851 2951 871 3033 ἢ
895 2950 1006 3013 λύκων.

292 3032 369 3099 Οὐδ’
394 3032 485 3100 αύτδς
507 3032 595 3118 εὗρεν
618 3035 690 3096 ύδδν
711 3033 746 3098 ἂν
769 3032 992 3118 Ἐξηκεστίδης.

292 3116 370 3184 Οὐδ’
396 3117 427 3179 έν
444 3119 629 3202 περιδείπνῳ
647 3118 723 3180 ποτέ
745 3118 775 3180 σ’
799 3118 991 3181 ἐπαινέσειαν
1014 3115 1061 3180 ἄν.

292 3201 405 3270 Οὐδεὶς
423 3202 695 3287 διθυραμβοποιὸς,
718 3203 755 3286 ἢν
781 3203 864 3286 ὕδωρ
885 3203 951 3308 πίη.

292 3286 404 3354 Οὐδεὶς
425 3287 565 3371 δυσώνης
585 3287 717 3372 χρηστὸν
741 3288 862 3372 ὀψωνεῖ
879 3309 981 3370 κρεας.

291 3370 404 3439 Οὐδείς
425 3369 512 3433 ἔθυσ’
536 3370 682 3455 εὐεργέτῃ
703 3371 782 3454 πλην
804 3371 947 3455 Πυββίας.

291 3455 403 3524 Οὐδεὶς
424 3455 564 3540 ἐραστὴς,
588 3456 669 3524 ὅστις
691 3456 748 3518 οὐκ
768 3457 818 3518 ἀεὶ
841 3458 934 3538 φιλεῖ.

290 3539 404 3608 Οὐδεὶς
426 3542 573 3624 κομήτης,
597 3540 678 3608 ὅστις
700 3539 736 3602 οὐ
760 3539 928 3623 ψηνίζεται.

291 3623 404 3692 Οὐδεὶς
423 3624 524 3710 κρέως
541 3623 692 3709 παρύντος
714 3624 812 3686 ἐσθίει
829 3623 939 3707 θύμον.

290 3707 392 3774 Ούδδν
414 3713 473 3793 γάρ
494 3710 597 3792 ἐσμεν,
622 3711 701 3793 πλὴν
728 3706 887 3774 Ποσειδῶν
909 3709 962 3772 καὶ
983 3709 1098 3793 σκάφη.

960 3825 998 3885 10
