3059 4492
637 504 788 601 1—80

297 670 392 756 βῆξαν
418 666 468 733 ὅτ’
488 667 632 753 ἄστοργοι
652 671 687 733 τὸ
710 667 810 755 βραχὺ
829 673 914 752 νῆμα
932 670 1015 733 θεαί.

257 757 307 818 καλ
327 754 359 817 τί
383 754 551 838 στωμυλίη,
574 752 681 837 νεότης
701 777 745 831 τε,
769 753 800 815 τί
821 752 855 836 μ’
880 753 964 823 εἶδος
985 754 1093 838 ὄνησε;

295 840 375 909 Εεῖνε
401 837 436 901 σθ
459 838 484 901 δ’
506 837 649 923 ἡμετέρῳ
672 840 791 921 δάκρυα
811 839 897 923 λεῖβε
915 840 1015 924 τόφιρ.

257 924 358 992 οὕτως
378 923 422 990 εἰς
442 921 549 1006 Λήθης
572 923 632 1008 οὐχ
656 923 825 1005 ὁπλότερος
844 923 907 986 κίοι
928 923 1012 1007 ὕδωρ

292 1006 463 1092 Νέστορος,
484 1006 518 1069 ὃν
542 1009 618 1090 μετά
645 1029 680 1070 σε
703 1011 803 1079 ζῶντα
826 1010 923 1070 λιπεῖν
944 1005 1080 1075 ποθέεις.

255 1176 506 1250 Gruter950,10.
526 1172 656 1237 Γελλίου
672 1172 733 1238 ὧδ’
749 1175 850 1260 ἐτάφη
859 1175 979 1262 Φοῖβός
987 1196 1062 1238 ποτε
1074 1176 1170 1259 μοῖρα
1283 1199 1287 1206 ·

254 1259 443 1407 πὲίτῖντοόλί
464 1255 724 1406 οττοολρότίόσῖόλαόε
738 1259 972 1429 ἑβῖόιόαοίτδόαδελο
995 1259 1169 1406 assfflffi·

277 1366 626 1534 ὀῦτεμπαόερχόμενον
646 1367 769 1512 πνεόμα
785 1367 916 1514 κομπεῖχες
937 1347 1035 1513 φιλῶῗ
1135 1387 1146 1424 ’

255 1511 395 1581 Γέλλιος.
416 1513 444 1573 εἰ
463 1513 552 1596 θεμις
573 1511 609 1597 ἦν
632 1513 791 1598 ἠλλάχθαι
813 1514 934 1596 νήματα
955 1511 1094 1597 Μοιρῶν,

297 1597 432 1681 ἅσμενος
449 1595 485 1658 ἂν
505 1599 628 1660 κεῖσθαι
648 1598 723 1682 τῷδ’
744 1595 789 1660 ἔνι
808 1601 902 1680 τλησε
924 1599 1023 1683 τάφῳ.

255 1767 367 1831 Gruter
376 1768 484 1841 654,3.
506 1764 626 1848 ἡλικίην
647 1765 739 1848 τστθὴ
754 1766 916 1835 Διονυσιολς
935 1767 1047 1830 ἐνθοίδε
1059 1770 1169 1846 κεῖται,

297 1851 439 1933 θοτατίην
463 1852 585 1917 λεπτοῖς
604 1851 696 1912 ποσσὶ
718 1853 860 1932 τεμοῦσα
881 1851 994 1936 τρίβον.

254 1935 292 2020 ἧς
312 1935 375 2021 ἤδη
398 1937 432 1997 τὸ
455 1938 580 2018 στρῖηνος
603 1933 634 1995 ἐν
663 1933 853 2018 ὀκταετηριθι
875 1937 1015 2021 βλαστεῖν

296 2020 423 2128 ἄρχερο,
443 2019 505 2124 καὶ]
516 2019 656 2096 πλάττειν
678 2021 806 2126 ρταίγνια
824 2019 1084 2124 Ικομψὰιτροφῆς.

256 2106 282 2168 εἰ
302 2104 338 2168 δέ
358 2129 377 2168 κ
410 2103 566 2186 ἐμηκονθη
590 2125 704 2210 μακρον
729 2127 778 2166 σοι
799 2125 898 2250 τερμα
917 2104 1008 2188 βιοιο,

298 2189 357 2252 οὐκ
375 2187 602 2272 εὐμουσοτέρην
621 2210 736 2272 κοσμος
759 2187 795 2250 ἂν
820 2210 885 2272 εχε
903 2188 1007 2273 κόρην.

256 2362 341 2436 5,34.
365 2357 424 2435 σοὶ,
439 2353 585 2439 Φρόντων
598 2355 732 2440 γενέτης,
746 2359 794 2419 σοὶ
805 2357 986 2440 Φλακκιλλη
1001 2357 1169 2444 γενέτειρα,

296 2441 424 2507 παιδικὰ
439 2439 470 2502 τ’
495 2440 559 2524 ἀμὰ
577 2439 670 2523 κόρην
690 2443 780 2524 τήνδε
801 2443 1016 2524 σονιστόμεθα.

159 2607 160 2612 ¹
257 2527 324 2591 οὔτ’
349 2523 495 2632 Ἐρέβευς
516 2523 641 2608 τρέσσαι
668 2525 853 2588 σκοτόεσσαν
872 2522 1018 2610 Ἐρώτιον
1039 2523 1168 2611 ὄρφνην,

159 2621 160 2642 ¹
298 2611 370 2676 οὔτε
394 2612 522 2692 πελωρα
543 2612 633 2677 κυνὸς
653 2611 799 2695 χάσματα
822 2607 1018 2694 Ταρταρέοο.

257 2698 287 2768 ἓξ
312 2698 367 2780 μὲν
391 2693 585 2780 χειμερινοὺς
605 2695 735 2763 κόκλοος
758 2693 889 2778 ἔπλησεν
914 2695 960 2775 ἂν,
978 2697 1006 2758 εἰ
1030 2696 1071 2779 μὴ

299 2787 390 2866 ζῆσεν
413 2778 626 2864 ἐλασσοτέροις
647 2779 746 2863 ἥμασι
765 2781 945 2848 τοσοατίοις.

258 2867 395 2970 κοορίζοι
420 2862 452 2925 δ’
475 2863 505 2925 ἐν
528 2867 591 2931 τοῖς
612 2863 673 2948 ἤδη
697 2865 836 2948 ποίτριυσι
855 2867 1009 2941 παλαιοῖς,

298 2950 419 3033 ουνογιοί
439 2970 471 3010 τε
493 2950 634 3032 τροιολῶς
656 2947 771 3031 τούμὸν
796 2950 844 3012 ἀεὶ
867 2949 985 3012 λαλέοι.

257 3036 389 3120 λείψανα
414 3032 445 3095 δ’
468 3031 531 3095 οὔτ’
551 3032 644 3115 αὐτῆς
661 3034 776 3116 σκληρὴ
791 3032 873 3101 κόνις
887 3032 1033 3117 ἀμπέχοι,
1054 3031 1123 3096 οὔθ’
1137 3032 1168 3094 οἱ

301 3119 393 3200 (οὐδὲ
415 3117 472 3201 γὰρ
494 3116 609 3201 ἥδ”ἧν
630 3119 691 3198 σοὶ)
716 3122 800 3200 γαῖα,
825 3119 935 3202 βαρεῖα
953 3122 1054 3199 γενοῦ.

186 3335 189 3353 .
259 3293 344 3367 1,88.
358 3286 501 3371 Ἀλκιμε,
522 3286 611 3350 παῖδ’
628 3288 661 3350 ὃν
685 3286 729 3350 ἔτι
751 3292 796 3372 τῷ
814 3285 947 3369 δεσπότη
967 3283 1168 3369 ἁρπαχθέντο

297 3379 353 3457 γῆς
375 3373 550 3457 Λαβικανῆς
571 3371 671 3456 βῶλος
693 3371 880 3455 ἐπημφίασε,

256 3460 349 3531 λοίζεο
376 3457 413 3520 οὐ
439 3455 555 3543 Παρίης
575 3457 685 3540 όγκοος
708 3455 832 3538 λόγδοιο
856 3458 1005 3537 νεκροῖσιν

298 3543 353 3611 οὓς
373 3540 468 3610 πόνος
487 3542 642 3626 ἠλέματος
664 3541 750 3610 τεῦξε
774 3538 998 3623 μινονθαδίοος,

255 3628 370 3698 πόξοος
392 3627 428 3688 δὲ
448 3626 615 3710 κλαδαρολς,
638 3625 846 3710 φολλάμπελοί
865 3646 898 3686 τε
921 3623 1071 3702 σκιόεντα,

297 3713 350 3777 καὶ
372 3715 526 3794 λειμῶνας
548 3711 634 3795 ἐμοῖς
656 3711 799 3796 δάκρυσιν
823 3707 1067 3792 ἰκμαλέοος....
