3059 4492
627 489 780 584 *Q

244 658 416 718 Menelaus.
456 655 543 715 Heus
556 665 587 714 te
599 657 690 717 volot
709 658 792 718 istud
808 659 948 718 manibus
963 659 1072 722 efferes
1086 681 1159 723 cave

245 744 323 804 Tuis
343 742 487 801 cadaver:
509 760 612 800 verum
632 755 666 800 ut
689 751 746 817 est,
769 744 895 802 missum
918 745 994 803 face.

245 829 323 889 Teu.
368 827 469 900 Quoia
489 827 549 884 iste
571 829 664 887 verbe
685 828 842 887 funditesti
860 830 978 906 gretia?

244 915 328 972 Men.
367 913 473 971 Visum
495 912 1074 990 11111,οιουὶ000011010010101110.
1161 922 1228 976 1000

246 999 324 1058 Το0.
369 997 457 1072 Quod
479 999 590 1055 nomeu
609 997 661 1058 isti
683 999 728 1055 rei
749 999 959 1075 praetexitur?

161 1123 162 1134 .
244 1085 328 1143 Men.
365 1082 457 1157 Quod
479 1100 567 1157 quem
587 1084 692 1160 putavi
716 1082 816 1141 eduxe
834 1085 934 1161 patria
954 1085 1043 1144 domo

161 1187 162 1196 ¹
244 1169 384 1230 Amicum
405 1166 541 1238 Achiuis,
559 1169 664 1226 auxilii
684 1167 845 1240 fidissumi,

244 1255 428 1338 Deprensus
452 1251 505 1309 illc
526 1251 698 1330 Phrygibus
720 1261 768 1312 est
789 1253 948 1312 inimicior.

245 1339 334 1398 Totis
357 1336 476 1395 stativis
494 1355 622 1412 nemque
641 1338 771 1397 moliens
792 1355 897 1396 necem
1160 1337 1228 1394 1055

161 1501 162 1504 ¹
244 1422 484 1500 Impressionem
503 1429 604 1495 nocte,
625 1431 658 1480 ut
677 1423 804 1495 occidat,
826 1424 906 1481 facit.

246 1508 337 1586 Quod
359 1508 392 1565 ni
413 1507 512 1564 Derim
533 1507 642 1581 aliquis
664 1509 805 1583 impetum
827 1509 1012 1582 intercepset
1028 1508 1118 1582 huuc,

247 1595 364 1654 Omnes
390 1592 428 1649 ad
449 1611 540 1649 unum
561 1610 615 1650 nos
637 1593 755 1667 quidem
773 1593 857 1652 illius
877 1594 974 1653 vicem

246 1676 438 1737 Internecivo
460 1677 566 1734 funere
589 1678 723 1754 expositi
745 1678 829 1737 illico

246 1765 408 1835 Essemus,
440 1770 488 1820 001
512 1763 537 1820 10
560 1763 683 1820 viveret.
706 1783 809 1821 verum
831 1763 918 1821 Deus
1164 1763 1231 1818 1060

246 1848 393 1908 Hominis
414 1846 549 1905 furorem
568 1848 677 1905 avertit
700 1848 730 1905 in
752 1867 859 1922 pecua,
883 1855 913 1904 et
932 1865 1050 1924 greges.

245 1934 349 1994 Nemo
372 1951 444 2009 ergo
465 1931 557 1990 tentis
580 1932 695 1991 viribus
716 1933 836 2009 pollens
857 1933 950 1990 homo

245 2019 381 2090 Existat,
404 2017 489 2074 illum
512 2017 640 2076 condere
666 2023 698 2075 ut
720 2018 836 2077 tumulo
859 2017 978 2074 audeat.

245 2104 408 2163 Proiectus
432 2103 543 2160 etenim
566 2104 662 2162 flavae
685 2120 798 2160 arenae
816 2103 919 2160 littore

248 2187 496 2249 Circummurinis
517 2187 661 2264 pabulum
687 2187 810 2246 alitibus
835 2188 908 2244 fuat.
1164 2194 1232 2253 1005

245 2274 297 2334 Ne
321 2273 458 2331 adhaec
483 2274 629 2348 superbos
650 2273 721 2330 tolle
744 2273 871 2330 nimium
892 2271 1027 2348 spiritus.

246 2359 331 2420 Nam
355 2357 381 2416 si
401 2375 509 2416 11101100
530 2359 574 2415 nil
592 2357 689 2434 potuit
706 2359 738 2415 in
756 2358 857 2415 vivum
880 2375 959 2428 11100,

247 2437 285 2503 In
306 2451 459 2502 mortuum
480 2461 552 2520 ergo
573 2443 691 2519 poterit.
713 2443 803 2500 etiam
823 2441 961 2519 ingratiis

246 2531 320 2589 Vim
343 2529 463 2600 faciam,
484 2528 536 2586 ubi
556 2528 584 2586 is
608 2547 641 2586 se
665 2546 842 2604 comparere
865 2526 970 2599 noluit,

246 2616 422 2690 Praecepta
442 2613 529 2672 virus
551 2622 585 2671 ut
610 2621 786 2689 capesseret
805 2632 882 2670 mea.
1165 2621 1232 2679 1070

249 2699 440 2774 Quamquam
460 2697 535 2756 illud
555 2699 647 2755 enimi
668 2706 715 2756 est
733 2697 876 2773 improbi,
894 2694 961 2755 cum
970 2693 1163 2771 plebshomo

247 2785 364 2843 Parere
387 2784 432 2840 nil
450 2801 484 2842 00
504 2782 641 2860 postulat
661 2782 846 2842 melioribus

247 2869 333 2929 Nam
355 2876 461 2928 sancta
480 2869 546 2926 iura
568 2887 729 2945 perperam
751 2887 787 2925 ec
810 2869 895 2944 leges
917 2866 1020 2942 vigent

247 2957 289 3014 In
313 2955 399 3026 urbe,
422 2955 553 3012 coinon
577 2962 694 3012 00110101
716 2953 858 3028 obsequii
880 2951 999 3009 modus.

247 3039 446 3114 Exercitique
467 3039 551 3098 nulle
572 3047 642 3096 sunt
663 3038 883 3108 moderamina,
1167 3045 1233 3100 1075

250 3125 311 3185 Cui
331 3124 415 3182 nulla
435 3125 482 3184 vis
503 3132 550 3183 est
572 3142 628 3181 nec
648 3124 782 3201 pudoris,
809 3141 866 3180 nec
886 3128 994 3180 metus.

250 3209 316 3271 Sed
339 3210 366 3268 si
384 3209 451 3283 quis
476 3227 603 3284 usquem
626 3215 673 3267 001
692 3209 771 3266 mole
793 3214 947 3264 crementa
965 3213 1093 3278 0110010,

250 3297 285 3354 Ιο
307 3313 396 3352 ruere
419 3313 490 3353 0000
513 3302 616 3371 speret
636 3301 666 3351 et
688 3294 813 3352 minimo
835 3291 924 3349 melo.
999 3288 1005 3298 “

249 3379 406 3454 Numqui
427 3379 541 3439 timoris
562 3387 591 3437 01
610 3379 736 3456 pudoris
759 3395 884 3454 compos
907 3381 965 3448 est,

249 3465 459 3541 Huno‘posse
480 3483 570 3540 spere
587 3465 732 3541 sospitem
755 3462 934 3522 consistere.

251 3549 317 3611 Sed
339 3550 393 3608 ubi
414 3549 538 3608 licentia
560 3550 657 3608 omnis
678 3558 726 3608 est
744 3548 891 3606 iniuriae:

252 3635 344 3694 Tunc
363 3644 395 3692 et
416 3641 525 3693 statum
551 3634 635 3693 urbis
657 3633 817 3711 postmodo
834 3630 956 3689 10000111
977 3627 1061 3686 illius
1094 3664 1098 3674 ·

253 3720 355 3782 011100
377 3739 393 3778 0
417 3721 547 3779 secundo
568 3737 693 3797 pessum
714 3719 824 3777 iturum
846 3715 997 3775 existima.

904 3810 941 3870 21
