3059 4492
745 483 894 581 „Q-

525 653 573 712 16¹.
614 655 654 710 Io
679 653 787 712 obirem
808 653 909 712 [meae
930 652 1068 710 Trelcotii
1086 653 1123 710 F.

362 739 530 813 Postquam
548 745 594 796 tot
615 735 729 796 Christi
749 737 890 810 famulos,
911 745 954 794 tot
974 736 1097 794 lumina
1109 737 1216 795 mundi

405 823 574 883 Funeribus
597 823 701 881 densis
725 823 831 881 mersit
853 823 963 880 acerba
985 821 1062 893 dies,

363 909 410 969 Te
432 927 552 983 quoque
571 907 716 978 Trelcati‚
737 907 839 964 media
858 908 986 965 florente
1006 907 1130 964 iuventa

406 995 490 1052 Mors
509 993 650 1052 comitem
671 991 764 1050 tantis
788 991 904 1056 addidit
926 1001 993 1049 atra
1012 991 1097 1063 viris,

362 1079 405 1140 Ut
425 1079 509 1156 pullo
531 1077 687 1152 squallens
710 1077 851 1136 Ecclesia
869 1077 956 1134 fleret
978 1077 1100 1148 amictu,

405 1165 507 1224 Fleret
527 1163 677 1222 Athenaei
700 1171 784 1220 muta
805 1162 948 1220 cathedra
966 1162 1021 1219 tui«

364 1245 451 1309 Haec
474 1257 503 1306 te
529 1256 695 1324 pastorem,
719 1247 873 1306 desiderat
891 1246 946 1304 illa
962 1246 1149 1324 magistrum.

406 1335 541 1408 Utraque
565 1333 617 1390 dat
635 1333 779 1392 lacrimas
800 1333 876 1391 orba
900 1341 1024 1406 parente
1047 1350 1115 1390 suo.

293 1437 295 1441 ·
364 1419 469 1477 Iustus
490 1419 608 1492 utrique
631 1418 729 1476 dolor.
750 1414 888 1494 tu'parte
912 1418 1028 1475 beatior
1048 1416 1108 1475 ista
1127 1434 1173 1487 es,
1249 1457 1254 1460 -

408 1502 497 1575 Quod
521 1503 575 1560 tali
598 1504 695 1578 potius
713 1512 851 1578 tempore
871 1509 977 1581 raptus
996 1501 1074 1572 obis,
1121 1536 1124 1543 ·

365 1585 431 1662 Quo
450 1588 498 1646 fas
518 1607 607 1646 omne
620 1587 708 1662 perit,
726 1605 786 1661 quo
806 1607 868 1645 non
886 1590 973 1645 amor
986 1586 1067 1644 ullus
1082 1586 1206 1644 honesti
1220 1593 1281 1658 est,

407 1670 542 1747 Cumque
564 1691 622 1732 sua
639 1673 735 1730 iustos
757 1691 837 1730 mors
861 1672 974 1748 pietate
992 1671 1086 1732 metit.

364 1755 529 1831 Quodnisi
552 1757 679 1816 sublatis
700 1757 790 1817 iustis
813 1765 844 1814 te
862 1757 927 1814 fata
948 1757 1102 1829 tulissent,

408 1841 543 1919 Tempus
567 1849 632 1900 erat
649 1842 748 1901 iustos
768 1849 799 1900 te
819 1843 966 1901 moriente
986 1841 1075 1921 rrrnri.¹

483 2011 530 2069 17.
573 2014 613 2072 Ia
630 2012 773 2071 tumulum
792 2013 1002 2088 peremerunt
1022 2012 1168 2068 Atterccr‘.

641 2165 644 2171 Ι
722 2105 798 2156 Uxor
816 2108 918 2156 marito.

364 2175 436 2236 Hoc
458 2197 515 2255 ego
538 2185 568 2234 te
591 2178 711 2238 modico
736 2178 849 2236 coniux
871 2186 923 2238 tua
941 2177 1003 2236 fida
1021 2175 1161 2252 sepulcro

409 2261 577 2339 composui
598 2265 769 2324 Asseracae
790 2263 850 2322 flos
872 2271 904 2321 et
925 2261 1025 2321 ocelle
1042 2261 1158 2321 domus.

364 2347 432 2406 Nec
453 2355 580 2420 tantum,
603 2367 672 2410 mea
694 2365 776 2419 curu,
798 2356 867 2407 tuos
886 2347 1095 2424 componimus
1116 2353 1216 2407 emus:

408 2432 490 2491 Tota
509 2433 541 2492 iu
562 2439 731 2492 mentetua
756 2431 819 2492 vita
840 2432 960 2509 sepulta
978 2451 1047 2491 mea
1068 2438 1124 2490 est.

292 2582 298 2593 ,
366 2517 443 2578 Oum
462 2536 558 2594 prope
579 2518 751 2595 depositam
772 2537 821 2576 me
841 2519 960 2594 ingrata
978 2517 1009 2577 in
1032 2517 1099 2576 luce
1117 2514 1281 2592 relinquis,

408 2600 485 2661 Cum
503 2601 613 2674 lucem,
636 2621 704 2660 cum
727 2610 759 2659 tu
776 2602 887 2678 gaudia
906 2611 1012 2662 nostra
1032 2601 1126 2678 rapis.

365 2685 506 2762 Namque
528 2687 602 2746 mihi
624 2693 656 2744 tu
676 2687 740 2758 lux,
763 2696 796 2744 tu
814 2687 926 2764 gaudia
945 2694 1050 2746 nostra
1070 2684 1167 2756 fuisti,

409 2770 563 2843 cererin,
583 2791 601 2830 o
624 2772 745 2832 animae
768 2773 903 2832 maxima
921 2774 1043 2832 flamma
1062 2789 1159 2830 meae.

365 2855 456 2915 Nunc
478 2855 534 2914 tibi
555 2875 623 2916 sum
640 2856 770 2931 quidvis,
792 2857 841 2917 vel
857 2858 884 2918 ai
905 2859 951 2918 vis
975 2876 1042 2917 sum
1063 2857 1118 2916 tibi
1134 2855 1258 2928 coniux,

407 2941 490 3002 Dum
511 2942 600 3004 modo
623 2949 655 3000 tu
674 2941 747 3002 mihi
772 2942 816 3003 sis
833 2944 914 3018 quod
933 2962 1003 3002 meu
1021 2943 1084 3002 vite
1105 2941 1180 3002 mihi
1201 2949 1259 3000 est.

594 3103 648 3176 Etr
666 3111 718 3175 τὸν
742 3108 833 3174 αὐτὸν
851 3108 1054 3194 Ἀσοήρακον.

282 3255 284 3259 ,
360 3189 402 3256 ‘A
428 3189 458 3254 δ’
483 3190 544 3273 ἐγὼ
569 3192 733 3278 αἰνολεχὴς
755 3194 776 3256 ἁ
799 3193 838 3257 σὰ
856 3195 958 3278 δάμαρ
982 3195 1045 3257 ὧδε
1069 3191 1100 3254 o'
1122 3189 1229 3276 ἔθαψα

401 3273 443 3340 Ὠ
464 3275 561 3344 θοὶλος
583 3277 785 3361 'Aeropum
809 3279 860 3342 καὶ
881 3280 961 3359 φάος
982 3278 1179 3362 εὐπατριδᾶν.

367 3356 407 3422 K'
423 3361 459 3424 οὐ
475 3359 580 3444 μόνον,
588 3361 650 3428 ,ἁδὺ
665 3361 802 3446 μέλημα,
817 3364 851 3426 τὸ
864 3366 916 3428 σὺν
931 3363 1029 3445 δέμας
1042 3360 1147 3428 ἐνθάδ’
1162 3358 1279 3446 ἔθαψα,

404 3442 445 3508 ‘A
468 3445 525 3516 ζοὰ
547 3445 578 3511 ἐν
601 3452 639 3530 τᾷ
657 3451 695 3530 σᾷ
718 3452 789 3532 κῆρι
811 3447 957 3513 κέκευθεν
982 3448 1052 3531 ἐμοί.

359 3522 419 3596 “Os
435 3551 475 3610 γα
497 3530 547 3591 καὶ
567 3531 702 3614 ἡμιθανῆ
727 3534 778 3596 καὶ
798 3532 946 3616 οἰηθόβιόν
969 3555 1007 3614 με
1026 3531 1184 3607 λέλοιπας,

401 3608 461 3680 Ὃς
480 3615 513 3674 τὸ
541 3615 620 3695 φοὶος
640 3616 678 3678 τοί
701 3638 733 3678 τε
756 3620 814 3699 peri
835 3615 918 3699 ᾤχεο
943 3614 1064 3699 φίλτατ’
1089 3611 1182 3699 ἔχων.

367 3693 430 3762 Καὶ
450 3695 507 3780 γὰρ
531 3695 605 3778 ἐμὸν
633 3698 668 3760 αθ
693 3700 773 3782 φάος
792 3700 830 3765 τοὶ
842 3721 875 3760 τε
897 3699 1027 3781 φιλτατα
1044 3704 1146 3781 μῶνος
1165 3697 1279 3782 ἔησθα,
