3059 4492
766 467 826 528 186

338 633 367 707 9,
374 634 424 694 94.
446 627 525 699 Ζεύς
540 651 615 693 ποτε
634 629 803 714 τῆςἿδηςΙ
789 631 922 738 6666666
935 632 1033 736 τάφον
1043 631 1255 717 ἐξαθέρισσεν,

382 713 520 778 Φλαύιον
545 713 774 797 Αὐγούστυιν
758 738 801 819 66
822 715 864 777 ἴδ’
887 714 1077 823 ἀνακτβριον.

338 802 380 867 ὡς
402 800 437 862 δὲ
459 801 520 883 ποίρ
525 799 694 883 ἐἰλαπίνη
721 801 839 868 σπάσας
858 799 937 863 πολὺ
959 799 1067 883 νέκταρ
1089 800 1189 866 ἔκειτο

380 884 489 967 ἡδίων,
512 885 546 946 τὸ
571 883 712 953 δέταςτ’
739 885 914 992 ἐγγυσίλιζεν
929 884 1028 968 Ἄρει,

338 969 381 1036 εἰς
402 969 452 1031 τὸν
475 968 628 1076 Φοῖβον
617 973 710 1052 ορῶν,
731 969 784 1031 καὶ
804 970 857 1050 τὴν
875 969 1005 1077 Φοίβοιο
1030 967 1190 1053 σι’ίναιμον,

381 1053 433 1116 666
452 1058 516 1120 τοῖς
533 1053 694 1135 Ἀλκείδης
715 1054 766 1116 καλ
788 1053 883 1136 ταχὺς
898 1052 1013 1136 Ἀρκὰς
1034 1050 1099 1135 ἔην,

338 1135 492 1199 Γνώσσιον
515 1136 602 1199 αὐτοὶ
625 1137 694 1242 ἐμρλ
717 1137 771 1220 μὲν
757 1138 960 1213 νόττοίσσατε,
978 1139 1063 1244 6666,
1085 1139 1120 1200 τὸ
1142 1143 1240 1222 σῆμα.

379 1220 486 1305 πόσσιμ
511 1219 583 1304 ἔμεν
604 1221 728 1346 γενέτην
751 1219 909 1304 Καίσαρος
933 1222 996 1284 ἐστὶ
1017 1221 1076 1284 πλέ
1061 1244 1129 1298 ον;

339 1391 490 1465 9,.60‘0
450 1391 490 1471 66
497 1387 690 1493 ’ἐπίχρυσος
712 1389 770 1472 ὅλη
790 1389 841 1452 καὶ
860 1388 964 1473 λύγὸιρ
985 1395 1071 1454 πᾶσα
1092 1393 1235 1476 καλυπτὴ

379 1479 416 1556 γη
442 1496 529 1580 κουρι
532 1473 662 1555 ζομένου
685 1475 800 1556 μάρτυς
821 1472 949 1542 ἄνακτος
972 1472 1036 1557 ἔην.

340 1557 480 1642 ὀλβίη,
463 1580 483 1639 6
507 1559 661 1620 παιδνοῖσι
683 1557 895 1643 κατηχηθεῖσα
918 1563 1068 1641 γοασμοῖς

382 1641 576 1751 ἑρπύζοντος
585 1639 655 1726 ἔτλη
675 1646 760 1724 γυῖα,
783 1642 834 1704 καὶ
854 1641 1023 1745 66666666.

340 1723 503 1788 66666’6
470 1749 503 1788 ετ
508 1725 656 1808 νοίκημα
677 1727 855 1828 σεβάσμιον,
879 1725 897 1788 6
922 1725 971 1809 β’
993 1727 1146 1790 ἀνέτειλεν

356 1810 455 1956 ὸὸ,ττι
473 1763 595 1886 Ρόδος,
617 1812 668 1873 καὶ
689 1750 1158 1916 66166600‘66666666666.

338 1895 371 1956 τὸ
374 1918 389 1957 ν
408 1896 466 1958 Δία
484 1892 550 1958 K66
555 1919 609 1980 ρτη
599 1918 642 1962 ες
661 1897 789 1980 πατάγῳ
810 1895 922 1979 βίσαντ
911 1918 939 1957 ο
961 1875 1138 1980 Φρύγεσσι

380 1984 439 2042 τῶν
433 1919 697 2128 εὐβρσρτοίκτογν
698 1980 899 2126 θηλυδρίησιν
923 1979 1037 2043 ὅπλων.

338 2066 406 2170 χεὶρ
432 2065 466 2128 δὲ
518 2066 572 2140 ιὸς,
594 2062 768 2150 Καῖσάρ,σ
805 2062 1017 2169 ἐβρύσατο,’
985 2067 1256 2150 τοφρακαὶαίγίς

383 2151 451 2213 ἀντί
472 2173 521 2212 σοι
543 2149 579 2234 ἦν
602 2174 640 2211 π
627 2088 769 2232 .λτης,’
751 2147 891 2232 αστραπὴ
915 2148 979 2211 ἀντὶ
1003 2149 1124 2235 βέλους.

342 2319 390 2393 10,
398 2321 449 2382 28.
470 2319 584 2386 αἰῶνος
606 2317 780 2401 κόσμου
746 2340 780 2380 τε
803 2314 945 2397 διαυγέας
965 2317 1177 2402 ἀρχιγένεθλε,

380 2365 418 2486 66
446 2404 544 2470 οσίαις
566 2402 673 2487 εὐχαῖς
695 2406 817 2486 πρῶτος
840 2424 877 2463 αε
850 2400 1013 2484 ιδίμενε,

338 2429 458 2596 666666
482 2510 535 2569 μεν
560 2486 719 2550 οὐτιδανὸν
743 2486 877 2570 μέγαρον
899 2486 1078 2591 περίτρητον
1098 2483 1211 2564 ἔναιες,

380 2597 410 2656 η
419 2568 528 2676 Ῥώμη
555 2572 688 2674 μεσοίτην
713 2569 813 2702 ἔτριβε
835 2570 1021 2676 λαοφόρον.

262 2723 268 2740 γ
338 2656 440 2718 6666'
467 2653 596 2760 ἔργοισιν
620 2654 784 2723 ἄνακτσςέ
784 2676 871 2716 πιστε
857 2653 987 2760 ίφεται
987 2654 1039 2717 σέο
1061 2657 1135 2724 ναὸς

380 2738 469 2812 Ἰᾶνε,
491 2738 595 2807 τοσοιις
617 2740 645 2800 τ
657 2740 804 2844 ἀγοραῖς,
829 2738 907 2802 6666
930 2738 1082 2844 πρόσωπα
1103 2739 1219 2825 φέρεις.

340 2823 412 2886 ἀλλ’
438 2822 664 2932 εὐεργεσίης
638 2847 711 2886 66
698 2823 848 2906 τοσαύτης
871 2823 928 2887 οὐκ
949 2825 1115 2908 ἀχάριστος

381 2907 501 2993 χοίλκει’
527 2905 673 2975 ἀϊδίοις”
659 2929 726 2992 ισχε
749 2907 884 2992 θύρετρα
908 2911 1046 2994 μοχλοῖς.

342 3080 389 3154 15,
400 3082 473 3140 1.οι
435 3077 474 3162 βοί
476 3074 649 3168 ρβριραΠυρ
653 3076 813 3157 αμιδυιν
782 3100 820 3139 τα
833 3101 870 3139 σα
857 3074 1206 3183 ‚6166666666666'
1172 3101 1254 3161 σιγα.

381 3149 535 3245 κομπάζοί
557 3161 687 3268 λιταρης
710 3161 751 3244 μὴ
773 3156 950 3246 Βαβυλῶνα
974 3160 1078 3228 κόπος.

339 3248 381 3331 μὴ
404 3270 465 3331 666
483 3245 665 3330 Ἀρτέμιδος
686 3246 833 3330 τρυφερολ
850 3246 1008 3329 κληζοίατ’
1031 3243 1144 3314 ’.Ιωνες

381 3308 461 3414 μηδὲ
484 3331 557 3394 6666
581 3353 656 3414 κερα
637 3332 693 3398 αὸς
714 3331 818 3435 βωμὸς
841 3329 1043 3393 ἑπαινεσοίτω.

339 3417 418 3546 μηβὲ
438 3417 472 3478 τὸ
494 3413 688 3478 Μαυσωλοῖο
710 3416 861 3497 μετήορον
884 3413 956 3499 ἠέρι
978 3437 1061 3498 σημα

364 3499 540 3603 66666666
564 3499 640 3584 αἴνιμ
661 3496 764 3583 Κᾶρες
783 3523 802 3562 α
829 3521 917 3582 ετροε
920 3503 979 3562 ..εἰ

338 3588 396 3648 πᾶν
416 3583 505 3664 κτίσμ
512 3563 684 3665 66666666
706 3606 761 3648 του
713 3499 981 3688 p66666'66666’
964 3607 983 3646 οι
985 3583 1191 3668 μριθειίτρου

382 3624 577 3750 θρυλλείσίλίυ
601 3670 722 3732 πάντων
748 3664 836 3747 ἔργον
859 3666 890 3728 ἓν
915 3667 980 3728 ἀντὶ
985 3609 1116 3731 μ.πίνονν

536 4031 563 4069 ιἱ
611 4050 626 4065 a*

301 4056 602 4212 ·-
