3059 4492
645 490 796 586 *goo-

302 651 346 716 X’
374 647 483 738 ᾇτερος
497 651 673 738 Ἠρακλέης
694 654 906 740 κεμβερόνικος
929 655 1001 734 ἐὼν,

261 735 350 821 Χειρὶ
374 738 530 823 φερεσβίῳ
552 737 646 821 ἄμμιν
670 739 821 822 ἀνήγαγες
836 739 960 804 Ἀκκιον
982 743 1026 811 εἰς
1045 746 1112 827 φῶς

300 820 381 907 Μὰψ
403 823 440 904 δὴ
466 822 666 892 ὑλακτεῦντός
687 845 736 886 σοι
759 822 926 907 μετόπισθε
947 825 1070 901 κυνός.4

490 987 553 1054 Τοῦ
577 989 672 1055 αὐτοῦ
696 993 739 1060 εἰς
759 993 810 1055 τὸν
835 992 938 1057 αὐτόν.

171 1069 173 1118 ¹
255 1071 314 1137 Ἔα
337 1073 368 1136 τί
390 1077 497 1151 coium
518 1075 547 1136 τί
566 1074 660 1160 χρέος
679 1075 849 1160 θεήλατον;
875 1069 880 1076 ’

256 1155 509 1243 Ἐνθουσιασμοῦ
530 1166 693 1241 συγγενοῦς
714 1161 765 1223 καὶ
785 1161 958 1244 συντρόφου

255 1240 364 1311 Ὄντος
385 1241 415 1323 γ’
442 1242 614 1327 ἐλευθερίᾳ,
634 1243 786 1325 Σκάλανε,
804 1250 871 1314 πῶς
894 1245 962 1330 δῆτ’
988 1246 1047 1332 ἔπη

251 1321 382 1390 “Eaucc’
408 1327 543 1390 ἑκάστων
566 1328 759 1414 ἀνταμείβεις
779 1335 839 1392 τῶν
863 1329 963 1406 ἐπῶν;

259 1409 320 1474 Καὶ
340 1415 409 1480 πῶς
430 1411 563 1494 ἀνάγκης
583 1412 752 1494 τοῦμπαλιν
774 1414 899 1495 δεσμοῖς
919 1415 1021 1486 δεθεὶς

170 1547 172 1600 γ
260 1494 301 1558 Σὺ
331 1497 429 1580 μηδὲν
453 1495 606 1581 ἐκμαίνεις
628 1495 702 1565 ἔπος
725 1497 949 1582 ecetesiam
981 1555 984 1561 .

566 1668 712 1728 Personae
727 1673 869 1748 fabulae:

461 1752 609 1827 Minerva,
818 1754 968 1830 Nuncius,

463 1837 605 1914 Ulysses,
819 1840 946 1914 Teucer,

462 1923 554 1994 Aiax,
811 1925 980 1999 Menelaus,

461 2006 637 2080 Tecmessa,
809 2011 1030 2087 Agamemnon,

365 2171 369 2176 Ι
463 2090 582 2152 Chorus
607 2091 842 2163 Salaminiorum
863 2096 1023 2155 sociorum.

593 2262 690 2324 Actus
713 2261 845 2327 Primus.

643 2347 791 2409 Minerva.

259 2431 323 2489 Iam
345 2430 447 2503 video,
470 2429 594 2506 Ulysse,
620 2451 713 2510 saepe
735 2441 766 2490 te
785 2434 922 2503 venatiee
1171 2435 1185 2487 1

260 2515 422 2593 captasse,
442 2523 474 2573 ut
493 2523 574 2576 artes
596 2517 732 2577 hosticas
752 2526 974 2595 praevorteres.

261 2601 365 2676 Teque
387 2601 463 2660 adeo
485 2602 642 2677 adipeam
665 2605 853 2663 commodum
871 2604 1001 2662 classem
1020 2604 1158 2666 nltimam

259 2687 375 2759 Aiacis,
398 2687 451 2744 ubi
472 2693 541 2761 post
557 2687 705 2770 principia
725 2689 833 2762 tendit,
855 2697 922 2752 tuor

259 2771 462 2849 Ruspantem,
484 2779 514 2830 et
532 2771 606 2830 olim
625 2774 798 2832 metientem
819 2775 925 2834 sedulo
1168 2793 1186 2848 5

258 2856 352 2916 Notis
375 2855 479 2916 adulta
499 2857 620 2932 nuperis
644 2853 783 2936 ¹vestigio,

258 2941 300 3002 Ut
320 2942 416 3014 intus,
440 2942 585 3002 anforas
610 2943 659 3016 sit,
682 2945 781 3003 oculis
801 2961 945 3018 aucupes.

258 3027 343 3084 Pene
369 3035 468 3086 autem
489 3046 522 3086 es
546 3035 727 3101 assentatus,
749 3037 783 3086 ut
804 3028 889 3086 canis
911 3045 1018 3104 sagax.

257 3110 390 3187 Nunque
413 3113 493 3172 intus
515 3112 606 3171 ellum
629 3122 675 3172 est
694 3114 775 3172 houd
796 3113 858 3185 diu,
882 3120 973 3188 caput

259 3195 384 3257 Sudore
401 3216 529 3257 manans
551 3205 641 3272 atque
661 3200 828 3257 carnufices
847 3216 966 3256 manus.
1170 3212 1203 3265 ιο

259 3281 360 3356 Quare
382 3281 464 3342 intus
484 3283 667 3359 inspectare,
690 3302 745 3342 nec
763 3283 818 3342 tibi
837 3281 987 3360 integrum
1009 3288 1066 3353 est,

260 3368 391 3428 Omittez
415 3375 529 3427 tantum
549 3368 624 3441 fare,
646 3369 751 3443 quoius
773 3368 871 3446 gratia

259 3452 338 3512 Tam
357 3454 485 3530 satagis,
503 3472 592 3512 omne
611 3461 655 3527 ut,
676 3453 818 3530 quicquid
838 3454 928 3511 huius
949 3457 1006 3522 est,
1028 3450 1143 3526 loquar.

257 3537 308 3597 Ul.
349 3538 376 3598 0
398 3538 472 3598 mihi
489 3538 623 3598 Deorum
643 3557 714 3597 cura
732 3557 875 3597 maxume
895 3535 1030 3594 omnium

214 3635 217 3642 “
256 3623 406 3694 Minerva,
428 3643 519 3699 quam
541 3623 590 3683 vel
611 3624 730 3682 eminus
751 3624 832 3682 clere
851 3629 935 3680 tuam
1170 3637 1202 3692 15

256 3707 370 3767 Vocem
395 3727 467 3770 aure
490 3710 587 3790 capio,
610 3717 642 3771 et
661 3716 761 3770 mente
782 3725 942 3852 suspensi}
950 3705 1070 3823 nemo,
1114 3787 1120 3795 ‚
