3059 4492
685 512 747 571 339

260 681 404 739 Vitulans
429 687 555 739 ovanter
574 689 670 740 morte
690 681 819 740 confecti
841 682 913 740 viri:

261 765 325 828 Sed
347 767 428 823 circa
450 783 567 842 puppes
591 765 697 826 ultimo
720 775 809 825 aucto
831 768 955 842 spiritus

259 852 413 923 Excurso,
434 850 546 909 amaris
569 850 688 928 ignibus
710 852 901 925 cremabitur,

165 949 166 972 ¹
260 936 365 994 Iovem
387 936 535 1012 Fugalem
556 936 688 1012 plurima
710 937 849 996 incalans
870 956 962 1014 prece

259 1024 376 1080 Amara
395 1021 459 1078 fata
482 1029 672 1079 concremato
694 1029 841 1080 avertere.
871 1052 875 1059 1

259 1105 328 1164 Nec
351 1124 454 1182 agger,
476 1113 528 1163 aut
548 1107 656 1164 navale
678 1106 946 1184 propugnaculum,

258 1191 328 1249 Neo
350 1191 539 1249 crebrisurus
555 1191 676 1267 pluteus
695 1200 786 1267 atque
808 1193 961 1265 scansilia,

259 1275 335 1334 Non
356 1276 466 1333 iuverit
484 1275 591 1350 lorica,
617 1295 677 1334 non
698 1277 859 1353 pinnarum
882 1297 972 1354 opus,

260 1359 325 1422 Sed
343 1360 428 1420 fumo
449 1367 482 1418 ut
504 1376 561 1418 axe
583 1361 781 1439 conglobatae
803 1363 952 1438 apiculae,

259 1445 392 1522 Vaporis
415 1464 499 1517 aura,
522 1447 706 1521 torriumque
728 1449 865 1520 verbere,
969 1514 976 1526 ,-

260 1531 286 1590 E
309 1549 414 1607 puppe
437 1531 605 1605 rostrisque
628 1539 718 1608 atque
741 1541 907 1591 rostrorum
925 1532 1000 1591 foris

260 1615 370 1674 Crebri
390 1616 576 1690 petauristae
599 1624 629 1674 et
651 1616 799 1677 sedilibus
823 1617 887 1676 suis

261 1699 349 1760 Saltu
368 1701 560 1778 peregrinam
582 1703 779 1760 cruentabunt
799 1698 934 1760 humum.

260 1784 437 1861 Procosque
458 1786 567 1844 multos
591 1785 738 1845 Graeciae
757 1788 939 1863 palmarium

261 1869 363 1928 Hasta
381 1871 526 1942 ferentes,
550 1871 682 1930 inclutos
704 1874 859 1948 prosapia,

261 1955 348 2012 Tuae
368 1955 484 2014 feroces
507 1963 604 2014 morte
625 1958 800 2014 mactabunt
820 1975 928 2015 manus
1008 2027 1011 2033 Ι

261 2041 348 2098 Tabo
371 2047 524 2113 cruentae,
546 2061 648 2099 amore
669 2042 743 2101 belli
766 2043 962 2119 asperrimae.

262 2124 324 2186 Sed
343 2125 412 2201 ipsa
433 2125 545 2183 luctum
566 2146 625 2185 non
645 2127 794 2186 minorem
816 2127 978 2204 perferam,

262 2210 331 2269 Tuo
353 2229 410 2286 per
429 2230 517 2269 omne
538 2220 655 2270 maesta
677 2221 797 2289 tempus
820 2213 936 2270 funere.

261 2295 344 2353 Nam
361 2296 427 2352 dira
446 2297 487 2356 mi
508 2295 563 2353 illa
584 2296 649 2354 dira
670 2297 805 2356 lucescet
825 2297 902 2370 dies,

262 2379 531 2455 Gravissimusque
552 2381 695 2454 luctuum,
719 2384 793 2441 anni
814 2401 873 2458 quo
892 2402 981 2442 senes

261 2465 384 2524 Circum
405 2473 542 2524 rotantes
563 2465 740 2528 Noctilucae
759 2468 898 2526 viderint.

250 2550 334 2632 ¹Heu
357 2551 417 2608 heu
433 2551 599 2628 gemendus
622 2560 652 2610 et
673 2553 746 2609 mihi
763 2554 818 2611 flos
841 2560 889 2610 est
907 2561 988 2625 tuus,

263 2636 291 2696 Ο
311 2634 406 2711 pulle,
424 2635 519 2694 dulcis
540 2637 599 2694 heu
622 2647 778 2712 parentum
803 2638 932 2710 sarcina,

261 2723 377 2779 Amore
401 2739 525 2778 saevum
549 2723 600 2796 qui
624 2723 786 2782 draconem
809 2723 950 2782 saucians

261 2807 302 2864 Et
320 2805 402 2862 illice
421 2806 495 2883 igni,
521 2807 715 2882 sauciumque
733 2809 881 2885 compede

262 2889 359 2950 Grata
381 2909 525 2950 coercens
547 2901 667 2969 tempus
688 2894 836 2972 ingratum
858 2895 960 2966 breve,

261 2978 290 3034 A
314 2976 418 3034 saucio
440 2994 499 3034 non
520 2977 587 3052 ipse
605 2978 725 3038 saucius
748 2986 861 3050 tamen,

261 3061 435 3118 Truncatus
460 3081 542 3119 aram
562 3070 594 3119 tu
617 3065 788 3123 cruentabis
810 3063 915 3138 patris.

260 3145 334 3204 Heu
355 3165 401 3202 me
424 3147 585 3221 misellam,
607 3155 637 3205 et
654 3167 709 3223 par
728 3149 891 3225 benignum
913 3147 1073 3224 virginum,

261 3231 424 3306 Tuumque
444 3233 532 3290 bruta
553 3251 721 3307 conqueror
742 3234 837 3291 fatum
858 3232 959 3290 canis:

261 3315 399 3388 Quarum
422 3333 559 3376 sororem
581 3326 662 3375 terra
685 3319 787 3377 nutrix
809 3319 934 3376 alteram

260 3399 377 3458 Hiulca
396 3401 553 3460 devorabit
571 3403 669 3462 infero
691 3423 784 3480 specu
926 3465 928 3470 .

260 3485 376 3545 Adulta
397 3487 532 3562 proxime
553 3488 720 3546 intuentem
741 3487 938 3558 incommoda,

260 3570 331 3643 Qua
351 3571 414 3628 late
435 3573 533 3632 avitus
551 3573 636 3632 lucus
658 3581 688 3630 et
706 3576 828 3632 bustum
849 3572 940 3647 lupae

261 3656 347 3714 Iacet
367 3655 506 3732 sepultae
527 3658 681 3716 adulterae
704 3678 773 3717 oum
794 3658 869 3715 filio.

260 3741 444 3817 Priusquam
467 3761 554 3821 opem
576 3743 724 3821 mulgeret
743 3743 846 3803 infans
867 3741 1007 3812 lacteam,

911 3836 978 3898 22⁴*
