3059 4492
750 477 901 572 *38—
996 519 999 526 .

371 646 491 706 nissimi
509 646 591 722 regis
607 644 733 702 Henrici
752 645 802 703 III
824 645 972 705 desiderls
1001 645 1082 720 apud
1100 644 1285 724 Gregorium

371 732 451 792 XIII
463 738 493 788 et
505 731 583 789 ulios
598 729 705 788 Italiae
716 731 871 807 principes
881 731 1098 808 gloriosissime
1107 731 1218 804 functo,
1231 733 1288 807 qui

370 836 438 878 cum
452 823 481 872 et
487 815 588 873 multis
600 814 799 892 transalpinis
809 815 1054 892 expeditionibus
1070 823 1099 873 et
1111 815 1284 875 obsidioni-

371 905 429 962 bus
444 901 562 959 urbium
574 901 655 958 intra
671 918 798 977 reguum
812 900 1019 976 superioribus
1040 900 1129 960 bellis
1142 901 1284 960 civilibus

372 986 637 1046 interfuissetecin
646 985 787 1043 omnibus
798 985 996 1043 fortissimam
1006 1005 1130 1060 operam
1137 994 1287 1045 navasset

370 1067 538 1146 ultimoque
566 1070 777 1128 funestissimo
810 1070 889 1128 bello
918 1069 1040 1127 ineunte
1070 1070 1284 1130 illustrissimo

371 1157 440 1215 duci
468 1155 681 1230 Monpenserio
712 1155 743 1212 in
771 1154 930 1233 Picerdise
962 1155 1086 1213 urbibus
1121 1156 1153 1212 in
1181 1156 1286 1214 officio

371 1239 537 1300 retinendis
559 1239 650 1297 iidem
663 1259 754 1315 opem
774 1239 1013 1314 industriamque
1028 1240 1177 1317 egregiam
1191 1259 1284 1316 prae·

373 1327 512 1396 stitisset,
534 1325 566 1380 in
583 1324 740 1399 provincis
763 1343 819 1383 sua
843 1323 945 1382 omnia
967 1324 1080 1401 oppidu
1102 1333 1132 1383 et
1154 1325 1286 1383 castelle.

371 1432 391 1470 a
411 1409 575 1469 rebellibus
596 1409 718 1467 insessa
737 1410 770 1466 in
792 1417 971 1484 potestatem
994 1428 1080 1467 sunm
1098 1410 1284 1488 redegisset,

372 1495 518 1555 Belucum
545 1512 631 1570 copis
665 1494 828 1553 hostilibus
862 1493 972 1551 acriter
993 1501 1197 1571 oppugnatum
1224 1496 1283 1554 im·

372 1580 469 1640 misso
490 1586 582 1638 noctu
601 1598 682 1636 novo
705 1578 860 1654 praesidio
880 1579 988 1636 virtute
1007 1579 1136 1636 filiorum
1158 1599 1285 1639 suorum
1320 1580 1325 1588 ’

372 1664 499 1725 summis
518 1663 744 1721 difficultatibus
771 1663 945 1739 expeditum
966 1664 1137 1737 liberasset,
1161 1665 1284 1724 hostem

372 1748 522 1827 praesid1s
538 1748 646 1806 castris
658 1748 816 1806 tormentis
830 1748 947 1807 bellicis
959 1756 1047 1822 utque
1057 1749 1284 1826 impedimentis

351 1834 497 1910 saepius
524 1843 647 1890 exutum
681 1834 804 1911 saepius
836 1833 943 1892 accisis
972 1834 1081 1909 opibus
1114 1835 1145 1892 in
1176 1835 1284 1893 urbem

371 1919 586 1992 Pataviensem
620 1919 842 1996 confugientem
873 1925 1025 1996 postremo
1053 1920 1141 1979 novis
1167 1920 1283 1978 suxihs

371 2005 570 2078 undecunque
598 2004 777 2077 conquisitis
806 2011 925 2061 auctum
957 2022 993 2060 se
1022 2003 1136 2061 bellum
1164 2005 1282 2063 instau-

371 2097 490 2149 rantem
521 2088 628 2146 ultima
654 2089 726 2146 belli
757 2089 879 2147 fortune
911 2089 950 2146 ed
979 2089 1091 2146 flumen
1111 2088 1284 2167 Vigennam

371 2174 579 2235 internecione
602 2173 775 2246 delevisset,
808 2173 840 2232 iu
872 2173 966 2231 limite
996 2183 1096 2232 autem
1124 2175 1284 2250 superiore

372 2260 580 2319 Lemovicano
604 2259 688 2318 ducis
703 2258 923 2318 Nemossensis
943 2258 1046 2334 copias
1062 2267 1206 2317 nocturna
1224 2261 1283 2317 im-

371 2345 533 2423 pressione
555 2352 671 2403 terrore
693 2363 729 2402 ec
744 2345 838 2402 caede
860 2344 1084 2419 complevisset,
1105 2363 1140 2401 ec
1153 2344 1286 2419 denique

371 2429 506 2510 quotidie
533 2447 631 2502 neque
659 2429 725 2487 sine
753 2429 852 2506 glorie
880 2447 937 2487 suc
965 2448 1062 2504 neque
1095 2429 1162 2488 sine
1190 2430 1284 2487 detri-

372 2522 474 2574 mento
503 2514 636 2572 bostium
663 2514 694 2572 in
722 2522 788 2572 toto
813 2513 866 2572 illo
897 2521 994 2571 tractu
1019 2533 1086 2571 cum
1116 2514 1283 2573 rebellibus

373 2600 572 2676 experiretur,
600 2598 721 2656 tandem
746 2599 777 2655 in
808 2599 998 2674 expeditione
1020 2599 1287 2676 Burgundionensi

371 2703 473 2761 regem
496 2683 780 2741 christianissimum
802 2683 969 2743 Henricum
989 2684 1054 2741 IIII
1076 2691 1195 2742 secutus
1215 2684 1284 2742 len·

373 2787 496 2845 guorem
530 2774 636 2825 nactus
667 2768 838 2826 incredibili
875 2769 923 2826 sui
954 2769 1105 2829 desiderio
1139 2770 1284 2829 omnibus

372 2854 463 2913 bonis
484 2852 587 2910 relicto
600 2852 633 2909 in
651 2852 771 2909 civitate
790 2852 914 2912 Molinis
928 2854 966 2911 ad
977 2854 1145 2912 staverem
1158 2854 1285 2912 fluvium

374 2939 439 2997 obit
450 2957 531 2996 enno
545 2937 653 2995 aetatis
671 2955 744 2995 suae
755 2938 812 2996 LX
825 2936 938 2996 Christi
953 2947 1052 2996 eutem
1065 2937 1286 3002 CIO.IO.XCV

372 3022 618 3083 IIIKal.Octob.
650 3020 779 3081 Claudia
787 3022 887 3080 Podis
896 3043 975 3104 uxor
983 3042 1049 3081 enm
1059 3024 1164 3082 liberis
1194 3025 1235 3082 M.
1246 3025 1284 3084 P.

405 3195 435 3253 6.
479 3194 617 3270 Iosephus
641 3190 773 3269 Scaliger
793 3191 930 3251 Puteaoie
945 3194 1101 3268 fratribus,
1133 3190 1252 3250 Claudii

580 3278 667 3352 siliis,
686 3279 722 3334 de
739 3288 828 3336 morte
850 3296 944 3336 eorum
961 3280 1068 3354 patris.

375 3363 404 3421 Ο
427 3362 497 3420 lecti
517 3362 655 3434 iuvenes,
679 3363 784 3436 virtuti·
802 3363 905 3421 nobile
927 3381 1050 3441 germen

375 3445 576 3506 Succrescens
599 3447 730 3523 patriae:
751 3448 822 3523 quid
846 3467 893 3506 me
918 3449 956 3505 sd
978 3448 1120 3504 damnata
1139 3444 1239 3503 redire

376 3529 470 3591 Sacra
491 3530 702 3605 Camenarum,
725 3541 755 3590 et
774 3533 916 3592 meliores
938 3532 1043 3608 cogitis
1067 3549 1165 3588 annos

374 3615 550 3691 Respicere,
572 3626 605 3674 ut
623 3617 742 3676 Phoebi
764 3617 930 3676 revirescet
947 3615 1094 3692 pristinus
1120 3615 1218 3688 ardor,

371 3700 546 3774 Affletuque
565 3720 646 3759 novo
669 3702 786 3777 sopitos
808 3702 934 3759 suscitet
952 3699 1060 3776 ignes?
