3059 4492
652 492 804 588 —are—

265 663 421 722 ,Immanes
442 660 566 738 indepte
586 680 605 719 a
624 661 705 734 Diis,
727 661 920 723 Salisubsule
939 663 1045 739 liber,-

268 750 394 808 Mavora
413 745 576 819 Nerienes,
598 746 729 806 Volcani
750 749 870 825 purima
888 748 1001 807 virtus:
1090 798 1107 807 ‚.

269 834 308 894 Et
326 831 397 890 Dea
414 829 602 909 Spumigena
620 851 720 890 rerum
738 833 857 892 infinita
877 840 1027 908 potestas.

270 919 310 977 Et
330 925 365 974 tu
387 917 480 974 etiam
490 917 691 993 omnipotens,
712 918 782 977 Rex
791 919 924 995 maxime
933 917 1184 980 Summaucmm:

166 1057 167 1078 ,
268 1003 352 1062 Diva
372 983 510 1074 iuventa,
537 1002 687 1075 Parunda,
708 1004 832 1062 neronis
855 1003 980 1062 numina
1001 1002 1106 1082 Stangl,

269 1087 423 1148 Iustitiam
443 1094 611 1164 augustam,
630 1096 719 1163 atque
740 1096 899 1166 augustam
916 1089 1077 1162 Pietatem,

166 1171 167 1200 ³
271 1173 431 1244 Obtestor,
453 1191 608 1248 pusasque
627 1173 707 1232 viras
728 1181 758 1231 et
779 1174 905 1231 numina
923 1173 1032 1248 Fauni,

166 1267 167 1288 ¹
270 1259 480 1332 Iunonemque
504 1275 622 1316 sacram
645 1258 730 1317 Iovis
753 1255 962 1334 omnipotenti'
984 1261 1134 1333 maritam,

166 1373 167 1434 ἐ
270 1341 996 1418 Memmuriamquealmamoro,Novensilesque
1020 1343 1183 1419 Camenas,

166 1469 167 1476 ,
270 1427 522 1503 Temperiasque,
543 1426 798 1504 Venustatesque,
819 1428 963 1504 Annique
980 1429 1114 1506 labores.

166 1525 167 1598 ᾗ
271 1513 425 1570 Latonam
449 1511 649 1570 cincinnatam
674 1535 740 1587 oro,
763 1522 796 1572 et
816 1515 959 1572 Martiam
977 1533 1147 1588 amoenam,

270 1598 445 1674 Armigeros
469 1595 579 1670 Salios,
603 1598 809 1672 Lucumones,
832 1597 1088 1676 Grunduliosque,

270 1685 370 1757 Atque
394 1689 483 1759 potes
505 1682 616 1757 Divos,
637 1683 721 1743 Iovis
743 1683 917 1742 immortale
936 1704 1130 1763 propagmen.

269 1767 433 1842 Idaiosque
457 1765 615 1840 Camillos,
641 1777 671 1826 et
691 1769 840 1846 sirempse
862 1769 995 1828 Deorum

263 1852 453 1911 Mercurium
471 1871 643 1925 accensum,
674 1861 704 1910 et
724 1854 828 1912 Iuritis
849 1856 1080 1928 cortumionem,

270 1938 311 1996 Et
333 1945 450 1996 noctem
473 1938 582 1995 Maiam
605 1940 749 2011 obtestor,
769 1939 927 2013 lucemque
946 1939 1021 1998 dieis

272 2023 351 2081 Tum
374 2022 501 2096 Fidium,
529 2032 590 2081 tum
612 2023 671 2082 Fas
697 2032 726 2081 ct
746 2024 868 2083 Factam
890 2024 956 2081 iura
978 2023 1141 2082 dstantem.

271 2107 494 2182 Saturnumque
514 2115 544 2166 et
564 2109 680 2185 Opem,
703 2110 843 2185 pallaque
861 2108 1012 2167 Veniliam
1033 2108 1183 2181 amictam,

272 2193 488 2266 Oceanumque
509 2211 586 2251 voco
611 2213 763 2272 magnum,
787 2194 964 2270 Oceanique
980 2193 1109 2269 puellas,

271 2279 312 2337 Et
330 2279 411 2337 vires
430 2278 617 2352 Telamonis,
638 2287 668 2337 et
688 2280 765 2338 Aevi
786 2279 908 2339 saecula
926 2279 1023 2350 fessa,

273 2363 469 2439 Tempusque
482 2371 742 2439 aeternum,etque
755 2365 877 2442 paludis
887 2364 1024 2441 sagmina
1033 2366 1183 2424 Avernae.
1251 2434 1254 2437 Ι

272 2448 517 2522 Mulciberosque
536 2447 634 2521 Deos,
654 2449 815 2524 lumenque
834 2449 951 2508 illustre
973 2451 1122 2520 Monetae,

272 2534 312 2592 Et
325 2535 447 2591 Manum
455 2532 595 2606 Genium,
606 2529 695 2608 atque
703 2535 812 2592 Inuum
825 2533 997 2592 mortalium
1007 2535 1183 2608 homonum,

273 2617 493 2693 coelestesque
515 2619 606 2679 Ioves
627 2627 717 2696 atque
740 2619 859 2692 Aerios,
881 2627 912 2676 et
934 2623 1101 2694 Aquantes,

273 2703 448 2762 Terrestres
468 2704 568 2776 etiam,
596 2713 627 2763 et
647 2703 829 2764 Summanos
854 2704 1057 2783 Iguiviosque,

272 2789 313 2846 Et
335 2787 496 2861 Semelam,
521 2797 551 2846 et
568 2789 673 2847 Brumi
693 2791 832 2849 sanantes
852 2791 910 2848 rite
933 2790 1081 2848 cohortes.

272 2874 419 2931 Matutam
438 2873 627 2948 Albumeam,
645 2875 901 2951 Portumnumque
920 2876 1165 2950 omnipotentem.

272 2959 314 3016 Et
336 2956 481 3017 Graecam
500 2958 669 3033 Nemesim,
694 2969 724 3018 et
745 2979 856 3018 numen
878 2959 1032 3018 Victoriae
1057 2959 1142 3016 Aiae.

263 3041 341 3102 <Nee
361 3063 420 3101 non
442 3045 591 3118 patrinum
611 3045 777 3104 coelestem
793 3044 985 3118 Aesclapium
1005 3044 1142 3100 amicum.

272 3129 314 3187 Et
334 3129 570 3205 perterricrepae
591 3150 673 3187 arma
693 3131 859 3202 Minervae,
882 3136 914 3186 et
930 3128 1052 3185 flamina
1069 3128 1166 3199 bruta,

272 3211 473 3288 Fulmiuaque
489 3221 577 3288 atque
596 3222 703 3292 argute
714 3214 820 3288 quadri
838 3213 1040 3270 modulamina
1049 3211 1165 3285 Mundi,

273 3299 433 3372 Maesium,
459 3297 634 3372 annarem,
656 3299 770 3358 Divum
792 3299 970 3372 Latiamque
985 3305 1152 3373 parentem,

273 3381 704 3460 CaelestemqneLubentiam,
717 3392 747 3443 et
758 3385 922 3462 indigetem
928 3383 1027 3442 Deum
1035 3381 1186 3442 Adonem.

262 3469 463 3545 Principium
479 3478 510 3526 et
520 3471 622 3543 finem,
637 3488 765 3545 namque
780 3470 832 3527 ille
848 3477 896 3529 eat
907 3463 1039 3527 omnibu'
1057 3473 1165 3527 totum.

316 3553 386 3613 Hos
407 3555 496 3613 mites
518 3553 626 3630 precor
646 3554 861 3614 adventassere
885 3554 1008 3612 numine
1027 3552 1110 3612 laeto

273 3641 322 3700 Ad
345 3658 412 3696 mea
433 3639 564 3713 Februa,
583 3650 614 3698 et
632 3640 732 3697 inferii
752 3640 897 3699 libamina
919 3639 1007 3697 sacri

317 3725 465 3785 Obtestor
484 3725 618 3784 'll‘iviam
639 3723 787 3784 Deianam
812 3723 1066 3803 Oueligenamquc
