3059 4492
352 662 455 721 Bubus
475 663 558 720 utin
578 661 739 736 trionibus,

352 748 393 806 Et
414 747 446 804 in
469 747 607 824 capellis,
630 748 750 806 avidum

352 832 548 909 Retingerem
567 851 710 891 cruorem.

354 915 410 976 Oh.
452 915 532 975 Nam
552 917 624 993 quid
645 917 746 976 dolere
769 918 846 974 haee
865 917 947 975 faeta
964 919 1115 995 profuerit
1132 922 1210 981 tibi?

353 1002 471 1060 Infecta
492 1002 573 1060 faeta
591 1023 651 1060 uon
675 1010 762 1061 erunt
778 1010 860 1059 tuam
885 1003 990 1062 vicem.

638 1087 666 1144 2.
689 1087 883 1162 Anttatropdo
905 1091 990 1146 IIII.

353 1170 415 1229 Hei
435 1173 569 1230 omnium
591 1181 707 1244 auctor,
728 1172 861 1231 omnium
891 1195 904 1247 χ

354 1256 503 1315 Malorum
527 1257 613 1315 faber
634 1277 709 1333 puer
729 1257 882 1330 Laertae‚.

354 1343 499 1417 Leueque
519 1342 732 1419 publicumque
752 1341 943 1400 mendiaimo·

358 1428 469 1485 nium:
492 1436 525 1485 ut
542 1427 725 1504 triumphas:
752 1435 785 1484 ut
804 1427 982 1485 cachinnos:
1003 1435 1037 1484 ut
1059 1446 1175 1505 crepas.

358 1509 413 1571 ch.
455 1512 568 1570 Rident
585 1511 701 1570 volente
723 1512 854 1586 dentque
873 1511 1017 1572 mortales
1040 1511 1116 1571 Deo.

357 1597 405 1654 Αἰ.
446 1597 570 1656 Utinam
588 1597 722 1654 viderem
741 1596 826 1654 illum
846 1598 970 1656 obrutus
993 1597 1065 1656 lieet
1084 1598 1184 1658 malie.

287 1693 339 1748 385
357 1680 419 1739 Hei
440 1685 504 1740 me!
525 1681 574 1738 hei
595 1685 658 1739 me!
1144 1748 1146 1755 Ι

357 1765 412 1826 Ch.
455 1765 620 1843 Comperce
641 1765 751 1825 verbis.
784 1766 895 1839 quoin
920 1773 1000 1825 statu
1023 1767 1066 1827 sis
1088 1787 1151 1826 uon
1173 1769 1267 1828 videa.

663 1852 692 1909 3.
716 1850 909 1926 Antiatropha
936 1852 977 1910 V„

356 1935 405 1993 Αἰ.
449 1935 583 1993 Meorum
607 1956 624 1993 o
647 1938 769 1994 atavum
790 1944 888 2012 pater,

357 2019 495 2094 Quanam
517 2030 592 2091 arte,
615 2020 763 2097 Iuppiter,
786 2021 902 2078 vafrum

358 2104 499 2180 Undique
523 2106 689 2164 circitorem
706 2105 764 2163 ini-

288 2193 340 2249 ³90
358 2191 480 2248 ·mioum
500 2190 593 2263 ultus,
615 2198 704 2265 atque
726 2190 814 2248 ambo
835 2189 926 2248 duces

354 2275 468 2334 Malam
487 2283 628 2352 oppetam
649 2275 718 2352 ipae
735 2273 881 2332 mortem?

357 2360 429 2419 Teo.
476 2359 510 2420 si
532 2361 607 2418 haee
625 2359 814 2436 imprecaris,
834 2360 1019 2435 imprecator
1039 2367 1069 2418 et
1090 2361 1165 2418 mihi

356 2447 500 2505 Mortem:
521 2446 593 2520 quid
612 2464 690 2522 opus
714 2452 761 2503 eet
783 2444 846 2503 vita
864 2444 949 2516 mihi,
972 2453 1002 2502 te
1023 2446 1165 2505 mortuo?

665 2530 694 2588 4.
719 2529 849 2606 Stropho
870 2529 960 2589 XVI.
1077 2536 1079 2539 '

356 2616 406 2672 Αἱ.
448 2616 550 2673 Meum
571 2635 590 2672 ο
613 2615 687 2673 mihi
708 2615 797 2673 iubar
818 2617 972 2688 tenebrae,
1000 2623 1031 2672 et
1051 2615 1143 2688 Orco,

356 2700 426 2757 Lux
442 2699 546 2771 nitida,
568 2698 684 2758 lucida:

356 2783 478 2842 Habete
496 2803 543 2841 me
563 2785 658 2842 vestri
681 2784 824 2857 incolam,

297 2857 305 2874 ⁸
357 2867 487 2927 Habete.
512 2887 568 2926 neo
589 2867 724 2928 Deorum
747 2870 838 2940 enim,

356 2953 466 3030 Neque
488 2953 617 3012 mortale
638 2955 792 3013 hominum

357 3040 433 3098 Mihi
455 3058 551 3118 genua
577 3038 680 3097 videre

356 3125 430 3198 Fas,
453 3124 552 3182 inutili
569 3125 694 3184 cunetis.

358 3209 420 3287 Sed
442 3210 530 3269 ferox
551 3209 635 3269 Iovis
659 3215 761 3287 gnata,
784 3216 909 3285 perpete

357 3294 427 3352 Dea
449 3313 535 3352 cruce
559 3313 607 3352 me
629 3294 762 3353 mulctat.

358 3380 446 3456 Quae
467 3380 557 3458 fugae
575 3379 646 3438 via?

358 3463 455 3538 Quem
474 3464 575 3523 locum
598 3464 727 3542 eligam?

356 3548 534 3623 Postquam,
558 3549 656 3622 amici,
680 3549 801 3621 etheo,
823 3556 853 3606 et
875 3549 935 3607 hoo

357 3633 467 3690 Interit
486 3633 586 3706 simul,

358 3717 536 3790 vanamque
562 3724 714 3794 capturam
738 3717 863 3794 egimus.
