3059 4492
764 474 804 534 26

372 641 485 700 Iudicio
508 651 608 700 tamen
632 650 680 701 est
701 643 842 702 concolor
861 642 915 700 illa
935 643 998 702 tibi.

400 811 449 869 22.
493 815 532 870 Ia
555 813 667 870 Tarum
688 815 821 889 operibus
846 815 940 872 triduo
963 821 1169 888 appropriatam.

691 909 734 957 Ex
753 918 876 972 tempore.

330 973 563 1052 Quadrupedem
587 978 655 1035 dum
682 998 792 1056 magua
814 997 937 1054 operum
960 979 990 1036 vi
1008 977 1167 1055 cingimus,
1186 977 1242 1036 illa

373 1059 529 1120 Secretum
551 1064 650 1122 caecis
674 1064 802 1130 callibus
825 1065 886 1140 egit
905 1063 971 1120 iter.

330 1145 434 1203 Tertia
459 1145 515 1204 lux
538 1148 647 1225 agitur,
670 1159 834 1226 postquam
856 1148 1009 1206 molimine
1031 1155 1113 1205 tanto

371 1231 528 1308 Inceptum
549 1233 662 1292 frustra
681 1234 852 1291 ludificatur
871 1251 956 1309 opus.

330 1314 378 1375 Sit
399 1317 484 1374 vobis
507 1336 546 1374 ex
568 1319 668 1391 hoste,
693 1319 759 1392 viri,
783 1318 908 1377 victoria
930 1325 1027 1394 capto,

370 1401 451 1461 Dum
475 1401 515 1459 ait
536 1404 564 1460 ei
587 1423 603 1460 e
624 1404 716 1462 lassis
740 1403 836 1481 gloria
857 1411 944 1478 parta
964 1403 1047 1461 viris.

414 1570 464 1628 23.
505 1574 545 1629 Ia
568 1574 729 1632 Atalantae
749 1583 777 1630 ct
796 1573 992 1648 Hippomenis
1009 1571 1155 1646 fabulam.

328 1655 481 1712 Incertum
503 1657 551 1713 cui
573 1657 624 1714 det
644 1659 781 1716 meritam
801 1657 938 1715 Victoria
959 1655 1100 1731 palmam,

372 1739 453 1813 Quos
476 1741 576 1800 studio
598 1745 709 1801 cursim
731 1761 817 1800 mens
841 1741 922 1818 rapit
943 1760 1003 1797 uua
1023 1741 1100 1817 pari.

329 1825 480 1884 Omnibus
502 1835 580 1886 uuus
602 1847 695 1901 amor,
722 1828 856 1887 sednon
878 1827 966 1884 labor
984 1827 1127 1884 omnibus
1150 1825 1240 1884 idem.

370 1909 431 1968 Hic
452 1911 565 1986 praeit3
583 1913 632 1970 hic
653 1914 798 1988 sequitur,
823 1921 852 1969 et
875 1912 958 1988 cupit
980 1930 1051 1977 esse¹
1067 1909 1161 1989 prior.

330 1995 357 2054 Ο
375 1995 459 2072 virgo
480 1996 598 2069 infelix,
622 2018 711 2072 quem
736 2019 795 2056 non
817 1998 916 2055 vicere
937 2004 979 2054 tot
999 1999 1099 2057 unaml

370 2081 495 2154 Infelix,
521 2100 609 2157 quam
632 2084 716 2142 fraus
739 2083 844 2141 vicerit
866 2101 927 2140 una
947 2081 1017 2140 viril

330 2164 364 2225 Si
385 2167 414 2224 vi
437 2167 572 2224 certatim
595 2176 625 2225 te
642 2190 704 2227 non
726 2170 826 2226 vicere
846 2176 893 2226 tot
911 2185 1019 2237 nnam3

372 2249 430 2324 Qui
452 2253 549 2328 potuit
570 2254 636 2310 siue
660 2255 690 2311 vi
713 2255 844 2325 vincere,
868 2251 967 2329 qualis
993 2251 1079 2332 erat?

598 2422 648 2479 24.
692 2422 786 2479 Paulo
807 2441 826 2478 a
848 2421 970 2479 Gisbioe.

328 2506 410 2582 Ergo
434 2505 498 2563 suis
518 2504 633 2564 Paulus
654 2506 746 2564 voluit
765 2525 813 2562 me
833 2506 932 2563 vivere
954 2504 1077 2575 chartis,

238 2660 241 2668 ι
373 2587 498 2664 Quoque
521 2589 596 2646 mihi
618 2591 700 2648 fama
725 2598 772 2648 est
792 2591 935 2661 carmine,
958 2589 1020 2648 vita
1041 2589 1112 2645 data
1135 2593 1201 2651 est?

328 2674 458 2733 Debitor
482 2675 551 2731 huic
571 2693 629 2752 ego
653 2694 729 2733 sum.
747 2675 837 2732 Pauli
860 2693 925 2732 sum
948 2674 1115 2749 pauperia
1137 2697 1217 2736 aere.

371 2757 450 2831 Quid
472 2759 606 2816 faciam?
626 2769 727 2836 gratas
750 2761 839 2818 Musa
861 2758 992 2835 repende
1013 2758 1105 2816 vices.

328 2845 397 2915 Illa,
416 2843 496 2917 Quid
517 2843 555 2901 ad
577 2853 696 2904 veteres
717 2865 735 2903 0
756 2845 846 2903 stulte
866 2842 1029 2901 revolveris
1052 2852 1143 2920 artes,

370 2932 469 3004 Atque
488 2930 560 3001 tuis,
583 2929 691 3004 inquit,
712 2930 826 2988 viribus
849 2929 947 3004 impar
969 2929 1071 2986 onus?

329 3014 427 3089 Quum
446 3014 501 3072 tibi
519 3023 680 3072 vernarent
700 3015 848 3092 Zephyris
872 3013 1055 3089 spirantibus
1078 3035 1179 3090 aurae,

369 3099 410 3157 Et
432 3099 507 3158 felix
530 3099 662 3156 habilem
684 3119 762 3158 vena
783 3102 895 3178 rigaret
917 3099 1049 3171 humum,

327 3185 426 3244 Poma
444 3186 532 3243 ferax
556 3185 633 3242 seris
655 3185 793 3243 miranda
814 3184 976 3262 nepotibus
1000 3185 1088 3246 arbos

369 3270 437 3328 Nec
460 3269 566 3343 semel,
593 3278 645 3328 aut
666 3291 724 3333 uuo
746 3271 857 3347 pollice
883 3278 989 3346 carpta
1009 3270 1114 3331 dabas.

328 3353 418 3411 Nunc
435 3355 550 3414 ramale
571 3363 669 3428 vetus,
692 3357 763 3431 quid
782 3363 904 3434 praeter
929 3355 1065 3414 muscida
1083 3356 1197 3432 possis,

343 3504 346 3510 ,
371 3444 432 3497 Aut
454 3441 625 3498 damnanda
648 3441 722 3500 focis
745 3442 831 3500 arida
852 3441 936 3518 ligna
957 3441 1049 3500 dare?

331 3522 473 3583 Carmine
492 3545 554 3584 nou
576 3527 721 3584 moriente
746 3546 842 3586 senex
864 3527 915 3602 qui
936 3526 1014 3584 fovit
1034 3525 1159 3596 amicos,

371 3611 467 3687 Inque
488 3611 552 3668 suis
576 3610 673 3669 voluit
694 3631 803 3672 nomeu
825 3613 937 3670 habere
960 3610 1058 3682 libris,

330 3697 471 3756 Victurus
494 3696 617 3764 memori
637 3696 735 3771 potuit
757 3715 836 3774 quos
860 3695 979 3753 tradere
1004 3694 1114 3762 saeclo,
