3059 4492
644 463 796 558 ..ffi-

595 667 597 674 ,
676 632 781 690 Aliter.

261 717 365 778 Dulce
384 734 476 775 eonas
495 716 617 788 fidibus,
639 716 684 776 eic
703 717 814 775 dexter
832 716 874 774 eit
894 717 969 774 mihi
986 718 1121 790 Faunus,

308 802 492 878 Zencphilc‚
515 809 620 878 arguto
641 802 759 876 pectine
783 799 870 858 dulce
889 819 994 860 conen.

262 887 338 947 Heu
358 905 416 962 quo
436 894 467 946 te
490 885 624 963 fugium?
645 887 830 945 circunstunt
849 886 980 960 undique
1001 889 1142 959 Amores,

308 973 349 1030 Et
368 971 540 1048 respirandi
563 971 650 1047 copia
671 970 756 1030 nullu
774 971 869 1029 datur.

263 1057 348 1116 Hinc
359 1056 468 1128 forma,
476 1055 547 1112 hinc
558 1064 752 1128 cantus,tuus
765 1056 836 1113 hinc
848 1055 922 1112 mihi
932 1074 966 1113 se
979 1055 1068 1132 lepor
1081 1056 1179 1115 offert.

308 1141 391 1200 Hinc
412 1140 529 1217 (verum
553 1149 661 1199 cuncta
682 1141 757 1198 haec
779 1141 851 1216 quid
866 1140 1004 1216 mororl)
1023 1161 1092 1198 uror
1114 1157 1179 1219 ego.

575 1304 623 1390 Νὴ
646 1306 697 1368 τὸν
712 1301 849 1388 Ἔρωτα.
1101 1282 1178 1386 (Q)

264 1395 447 1472 Dispcream
467 1394 647 1467 Helinium,
670 1402 739 1452 tuos
760 1394 794 1451 ni
815 1394 920 1452 audire
936 1413 1080 1454 susurros

309 1480 427 1554 Malim,
448 1499 538 1556 quum
559 1481 692 1538 citherae
711 1497 833 1538 carmen
854 1479 1046 1556 Apollineae.

521 1643 583 1720 Τίς,
604 1645 695 1729 ῥόδον
720 1645 736 1706 ὁ
761 1629 921 1727 στέφανος
1081 1675 1083 1679 ’
1105 1652 1179 1733 ζ(3)

265 1734 417 1793 Bacchine
438 1735 508 1811 ipse
530 1751 638 1792 corona
658 1751 732 1792 rosc
753 1740 810 1805 est,
833 1733 893 1806 dic,
912 1754 990 1793 anne
1014 1754 1139 1796 coronae

307 1821 381 1896 Ipse
401 1837 474 1879 rosa
495 1819 563 1878 est?
586 1820 688 1876 Minor
710 1825 757 1878 est
778 1819 847 1892 ipsa
871 1837 989 1892 curcua,
1012 1829 1094 1896 puto.

504 1981 542 2048 Ὁ
568 1983 717 2066 στέφανος
739 1985 809 2066 περὶ
831 1986 928 2067 κρατὶ.
1105 1992 1178 2069 ζμ)

265 2075 458 2133 Marcescunt
481 2081 580 2132 sertae
602 2067 682 2130 circa
704 2079 795 2148 caput
815 2071 1013 2146 Heliodorae,

308 2161 365 2218 list
386 2163 498 2218 'sertum
522 2158 596 2217 serti
616 2157 670 2216 scd
691 2166 792 2215 tumen
815 2158 886 2234 ipsu
906 2159 962 2216 sui.

507 2321 588 2406 Ἤδη
610 2325 719 2386 λευκὸν
743 2321 788 2384 ἴον
815 2321 936 2384 θάλλει.
1104 2332 1178 2410 ζ(5)

267 2414 331 2472 Iam
353 2413 460 2470 florent
481 2411 589 2484 violae,
613 2421 703 2486 atque
721 2411 813 2469 imbri
834 2412 989 2471 narcissus
1010 2417 1140 2476 amicus:

308 2497 455 2574 Quaeque
478 2496 548 2556 altis
568 2497 701 2574 gaudent
721 2495 788 2554 lilia
807 2514 883 2554 cana
902 2497 992 2574 iugis.

267 2583 306 2642 Et
325 2583 516 2659 tempestivis
541 2583 601 2640 ium
624 2582 732 2640 florum
754 2580 900 2642 flosculus
920 2583 1019 2656 aunis,

308 2667 487 2744 Zenophile‚
506 2666 626 2728 Suudce
648 2667 737 2724 floret
758 2685 889 2726 amoena
909 2685 987 2726 rosa.

266 2751 362 2811 Prata
380 2751 451 2827 quid
472 2773 489 2810 ο
508 2768 588 2811 veno
612 2753 720 2810 florum
744 2750 883 2828 gaudetis
905 2754 1042 2812 honore?
1118 2823 1123 2835 ¹

308 2837 438 2898 Suaviur
460 2845 490 2896 et
511 2838 588 2914 ipsis
612 2844 718 2896 sanctu
738 2836 843 2913 puelle
864 2839 956 2898 rosis.

437 2917 439 2923 ’
666 2921 770 2980 Aliter.

266 3007 331 3064 Ium
355 3025 451 3065 canuc
471 3008 581 3066 florent
602 3005 713 3078 violae,
734 3006 917 3083 pluviaeque
940 3008 1042 3066 sititor

307 3092 491 3152 Narcissus:
513 3093 620 3150 flerent
640 3091 706 3148 lilia
726 3108 837 3168 sparsa
857 3091 946 3168 iugis.

266 3178 306 3237 Et
322 3196 437 3236 vernae
456 3179 565 3236 florum
585 3177 642 3234 flos
663 3175 901 3234 iucundissimus
923 3177 1026 3249 horae,

310 3263 489 3339 chcphile‚
510 3261 631 3322 Suedue
653 3262 742 3320 floret
764 3261 863 3318 amica
883 3279 966 3320 rosc

266 3347 371 3421 Prata,
391 3347 473 3423 quid,
497 3347 537 3406 ah
556 3347 670 3407 frustra
688 3343 796 3404 florum
817 3346 923 3404 ridetis
942 3345 1074 3405 honore?

309 3432 417 3492 Gratio
442 3440 489 3491 est
510 3435 593 3493 omni
612 3431 683 3489 flere
702 3431 808 3506 puelle
825 3449 903 3488 mec.

509 3598 618 3667 {litem
642 3601 794 3677 λευκόϊον,
814 3600 928 3669 πλέὲω.
1103 3600 1179 3684 (Gi)

268 3685 455 3748 Oonue'ctam
477 3688 587 3760 violas,
611 3699 787 3748 connectam
810 3690 915 3749 mollia
938 3697 1047 3766 myrta,
