3059 4492
768 546 808 605 36

280 751 284 757 -
335 714 385 773 38.
441 712 681 777 Ocmcoouumo
710 717 895 774 Francorum
924 725 949 772 ct
975 717 1148 774 Poloucrum
1174 716 1249 792 chi

542 797 668 860 Benaco
690 802 755 858 HI.
806 801 918 858 Urania
939 801 1037 858 Musa.

334 882 483 962 Princeps
504 902 655 954 sororum,
680 903 757 959 quae
780 886 870 942 beata
892 904 1032 944 secessus

334 967 439 1027 Vireta
459 968 613 1027 celebrant
637 969 716 1025 inter
734 973 856 1028 Aenum
880 980 1015 1042 montes;

335 1053 461 1126 Urania,
485 1054 621 1127 quamvis
643 1072 692 1111 me
712 1063 835 1131 reposta
858 1055 1010 1113 caelorum

336 1135 463 1214 Species
479 1146 623 1209 moratur,
646 1139 812 1213 musioique
835 1147 999 1198 concentus

334 1223 440 1281 Mundi
460 1223 605 1293 volantis3
626 1224 767 1282 conscias
789 1232 890 1281 tamen
914 1225 967 1282 fati

336 1306 421 1366 Coeli
436 1307 559 1365 choreas
583 1308 723 1380 astricus,
746 1317 776 1365 et
796 1309 947 1366 Erronum

336 1391 460 1469 Septem
482 1392 589 1466 reliqui
611 1394 720 1468 spatia,
751 1412 827 1466 quos
852 1395 919 1451 citis
943 1394 1021 1470 bigis

336 1476 494 1541 Curricnla
516 1475 595 1538 Circi
620 1497 730 1554 magna
753 1495 875 1553 semper
895 1486 1049 1552 exercent,

335 1562 377 1621 Ut
398 1563 468 1619 hinc
488 1562 661 1621 ministrent
679 1562 743 1620 fata
761 1564 852 1620 rebus
877 1563 1027 1636 humanis,

334 1648 487 1704 Momenta
507 1645 633 1716 varient,
654 1666 690 1703 ac
707 1648 880 1722 reciprocos
902 1667 991 1707 casus

334 1731 469 1791 Volvant
488 1731 655 1792 revulvaut.
684 1731 825 1807 Namque
847 1753 896 1790 mc
915 1734 986 1808 pins
1009 1735 1121 1794 mentis

334 1817 467 1884 Incessit
483 1816 580 1887 ardor,
601 1835 711 1893 magne
732 1817 812 1889 Rex,
837 1827 870 1874 ut
892 1819 970 1876 huno
986 1827 1107 1878 nostrae

335 1900 444 1961 Gentis
469 1901 620 1973 clientem,
643 1921 731 1975 quem
747 1912 885 1960 recenter
907 1922 926 1961 a
946 1904 1041 1982 nigris

334 1986 405 2055 Leti
426 1986 562 2045 tenebris
582 1986 789 2060 imminentis,
801 2007 819 2044 a
842 1988 924 2045 dirae

336 2071 510 2131 Oblivionis
529 2071 748 2134 vindicavimus
767 2073 843 2144 sato,

335 2156 420 2215 Tuas
443 2157 483 2214 ad
505 2175 586 2228 arus,
610 2156 648 2214 ad
669 2166 813 2231 tuumque
837 2157 976 2232 pulvinar

335 2239 473 2304 Sublime
491 2241 610 2313 sistam,
636 2241 663 2300 si
684 2242 769 2302 novis
793 2242 821 2300 ei
840 2243 958 2318 possim

334 2326 432 2384 Modis
453 2327 587 2388 bonores
610 2345 785 2401 comparare
808 2327 937 2399 divinos,

334 2408 417 2483 Quos
442 2411 492 2467 dia
514 2410 608 2486 spirat
627 2430 700 2469 aura
722 2413 854 2471 numinis
876 2412 980 2484 vestri,

335 2493 483 2570 Solioque
502 2495 621 2572 fulgens
640 2495 790 2554 eminente
811 2497 967 2555 Maiestas.

335 2577 415 2656 Spes
436 2589 494 2652 est,
514 2588 567 2637 tuo
587 2588 620 2637 ut
641 2581 744 2638 favore
767 2581 857 2653 fotus,
881 2589 910 2640 et
930 2581 1002 2640 nido

336 2665 414 2722 'luto
434 2672 584 2740 receptus,
605 2683 661 2722 nec
682 2665 835 2723 licentiam
858 2666 999 2726 indoctae

334 2749 450 2822 Plebis,
472 2768 529 2812 nec
549 2749 642 2809 ullum
666 2751 777 2827 stigma
800 2749 1093 2823 Grammatistarum,

334 2833 402 2892 Nec
421 2834 580 2911 inquinata
600 2834 719 2907 menda,
743 2854 799 2892 nec
821 2844 1000 2894 vetustatem

323 2917 456 2997 ¹Sentire
475 2939 576 2996 porro,
599 2938 656 2977 nec
675 2939 796 2996 gravem
819 2922 909 2978 situm
932 2922 1042 2998 possit.

334 3005 375 3065 At
398 3005 532 3063 universi
550 3011 648 3062 rector
671 3005 752 3063 orbis
776 3013 930 3082 Augustus
1124 3081 1126 3086 Α

334 3090 495 3149 Praestare
513 3109 572 3146 non
593 3088 625 3147 id
643 3089 748 3163 quivit,
769 3099 800 3147 ut
822 3109 894 3150 suus
918 3093 1023 3162 Vates,

335 3174 394 3248 Qui
418 3193 488 3234 sese
507 3174 538 3232 in
561 3174 626 3232 eius
648 3175 770 3232 tradidit
790 3174 972 3248 clientelam,

333 3259 404 3318 Non
423 3261 485 3319 vim
507 3277 630 3318 severae
653 3260 755 3318 mortis
780 3261 981 3336 experiretur:

333 3343 443 3418 Neque
464 3345 518 3402 ille
539 3344 669 3416 mendis,
687 3352 777 3418 atque
798 3346 1044 3422 paedagogorum

335 3427 563 3492 contaminatus
590 3428 798 3488 obsolesceret
819 3431 917 3508 nugis.

334 3514 393 3586 Tu,
418 3533 508 3589 quum
531 3514 711 3587 eteuebris,
734 3534 751 3572 e
775 3515 896 3603 silentio
920 3515 973 3572 leti

334 3599 456 3657 Illustre
476 3599 573 3657 victor
593 3600 722 3658 efferens
744 3608 845 3676 caput,
871 3618 940 3659 sese

334 3684 436 3744 Dedat
457 3684 511 3742 tibi
529 3682 625 3741 Poeta
644 3684 729 3758 (nam
748 3693 800 3744 tuo
827 3691 900 3742 nutu

334 3771 445 3836 Videre
467 3769 565 3827 lucem
588 3787 621 3826 se
644 3768 808 3846 fatetur)[,]
831 3772 1000 3844 Augustum
