3059 4492
745 481 896 576 2²²-

375 649 493 710 Tamen
516 650 630 721 timoris
654 657 684 707 et
705 651 780 708 mihi
800 659 920 710 constet
940 651 1056 711 modus.

301 733 367 788 1085
376 735 444 795 Nee
466 742 523 808 est,
545 735 624 809 quod
645 734 697 794 ubi
716 735 789 809 quid
810 736 934 812 egerim,
957 743 991 793 nt
1009 737 1084 794 mihi
1104 737 1145 795 sit
1162 738 1282 817 bene[,]

375 820 446 879 Non
469 828 499 878 et
520 819 685 896 rependam
706 821 862 893 tantidem,
882 828 915 878 nt
934 821 1009 878 mihi
1031 823 1073 882 sit
1093 822 1184 882 male.

374 905 569 964 Vicissitates
588 905 664 962 haec
685 904 807 964 habent.
828 905 889 964 iste
908 913 1000 963 antea

374 990 469 1049 Fastu
488 991 635 1048 tumebat:
658 1008 738 1047 nune
761 1009 816 1067 ego
833 991 931 1048 fastus
952 996 1035 1068 gero.

376 1076 424 1133 Ite
442 1075 583 1133 funerare
603 1075 683 1132 hunc
705 1093 800 1151 opere
818 1093 961 1133 maxumo
985 1083 1065 1147 veto,

304 1162 371 1217 1090
379 1159 430 1219 Ne
446 1167 476 1217 et
496 1159 576 1237 ipse,
597 1160 667 1217 dnm
690 1160 781 1218 istum
799 1159 935 1233 funeras,
958 1162 1049 1218 funus
1071 1160 1151 1219 fuas.

377 1243 432 1304 Oh.
476 1244 627 1318 Menelae,
651 1263 689 1301 ne
707 1253 777 1320 post
798 1244 879 1302 dicta
896 1245 1052 1322 sapienter
1071 1251 1123 1302 tua

375 1329 515 1388 Videaris
538 1330 606 1406 ipse
626 1329 794 1388 iniuriosus
816 1330 955 1388 mortuis.
1019 1355 1023 1361 ’

376 1413 453 1472 Teu.
494 1413 548 1472 Nil
567 1415 686 1487 mirum,
709 1414 809 1486 amici,
832 1415 859 1472 si
881 1414 952 1488 qnid
974 1434 1075 1472 errare
1096 1415 1238 1474 assolent

376 1499 528 1558 Homines
547 1518 603 1556 nee
625 1499 696 1558 ullis
715 1499 822 1558 incluti
843 1499 1013 1558 natalibus:

186 1595 189 1603 “
301 1589 368 1644 1095
378 1583 630 1659 Quandoquidem
650 1592 680 1640 et
696 1592 802 1642 ¹errant
822 1584 934 1643 talibus
956 1584 1056 1642 verbis
1079 1585 1137 1642 viri

376 1669 518 1746 Propage
540 1668 686 1741 celebres,
707 1676 797 1744 atque
821 1668 942 1728 nobiles
964 1670 1057 1726 domi.

376 1754 511 1811 Primum
533 1754 592 1812 hoc
613 1753 687 1811 mihi
707 1755 807 1829 inque.
829 1753 905 1813 dicis
927 1754 1026 1813 isthuc
1046 1763 1077 1810 te
1099 1754 1198 1814 virum

377 1839 518 1912 Adduxe,
539 1839 663 1898 Achivis
683 1840 782 1898 socius
804 1858 953 1899 armorum
975 1847 1009 1896 ut
1027 1839 1129 1897 foret?

376 1923 450 1983 Non
471 1924 539 2002 ipse
559 1943 615 2001 per
637 1942 670 1983 se
694 1925 787 1995 venit,
810 1924 938 2000 imperio
962 1923 1038 1982 sno?

301 2013 368 2066 1100
377 2008 465 2067 Tune
486 2009 650 2086 imperator
674 2009 738 2093 eins
759 2028 803 2082 es,
832 2009 883 2083 qui
903 2008 1054 2085 gentibus,

377 2094 496 2169 Quibus
515 2094 572 2152 fuit
593 2094 654 2151 dux
674 2093 738 2166 ille,
760 2094 861 2152 nullus
883 2094 1025 2170 imperas.

345 2221 348 2230 .
375 2177 446 2237 Non
468 2186 573 2238 noster
595 2197 628 2238 es
649 2179 713 2236 dux
735 2179 813 2254 ipse,
835 2179 891 2238 sed
913 2177 1043 2255 Spartae
1062 2178 1208 2256 imperas.

375 2262 443 2321 Nec
460 2271 507 2322 est
529 2262 660 2339 quodid
685 2263 726 2322 sit
747 2265 922 2323 attributum
943 2265 991 2322 ius
1010 2263 1077 2335 tibi,

375 2348 419 2408 Ut
435 2348 602 2426 imperares
623 2349 727 2425 potius
753 2350 792 2421 ei,
815 2367 905 2424 quam
927 2357 961 2406 ut
983 2349 1011 2408 is
1033 2347 1089 2406 tibi

301 2434 367 2488 1105
378 2434 551 2507 Obnoxius,
571 2453 630 2493 non
654 2434 820 2511 imperator
842 2435 975 2493 omnium

376 2518 506 2591 Venisti,
527 2527 559 2576 ut
577 2520 701 2577 Aiacem
719 2519 845 2594 obsequi
865 2520 921 2578 tibi
941 2518 1089 2597 postules.

377 2603 513 2678 Quorum
533 2604 602 2679 ipse
622 2623 678 2662 rex
697 2622 742 2676 es,
764 2605 823 2663 hos
845 2623 930 2682 rege:
954 2603 1082 2680 imperia
1100 2604 1134 2661 in
1156 2623 1209 2663 eos

375 2688 564 2766 Magnidieus
585 2688 688 2747 inhibe
709 2690 823 2765 gravia.
848 2708 905 2767 ego
925 2690 1014 2761 hune,
1036 2707 1091 2748 sen
1112 2696 1146 2746 tu
1168 2696 1264 2760 vetas,

378 2771 440 2832 Seu
461 2780 585 2850 praetor
605 2773 693 2846 alius,
713 2773 771 2831 rite
791 2774 914 2832 tandem
935 2770 966 2831 et
986 2773 1093 2832 ordine

300 2855 515 2916 11100ondam
538 2857 696 2934 sepulchro
719 2859 762 2916 nil
780 2867 847 2919 tuas
870 2859 984 2917 veritus
1007 2859 1116 2918 minas.

375 2942 450 3002 Non
470 2943 622 3001 faeminas
643 2951 715 3001 tuae
735 2963 808 3022 ergo
829 2945 857 3004 is
878 2945 937 3002 hue
960 2944 1113 3020 profectus
1137 2952 1194 3012 est,

374 3028 417 3088 Ut
439 3029 581 3106 gravibus
603 3037 761 3088 auctorata
782 3048 857 3107 gens
878 3028 1034 3107 perieulis,

375 3111 437 3176 Sed
457 3115 495 3173 ob
519 3120 668 3173 sacratum
688 3114 746 3186 ius,
770 3115 913 3188 Iovisque
936 3116 1086 3192 sagmina,

375 3198 445 3257 Non
467 3201 504 3258 ob
527 3206 570 3256 te:
589 3206 671 3256 utet
694 3199 745 3272 qui
766 3200 853 3258 nihili
874 3200 981 3259 inanes
1002 3200 1158 3276 penderet.

301 3281 499 3361 1115'Stipare
522 3284 560 3341 etl
579 3284 640 3342 ista
661 3283 799 3358 plurimis
821 3286 1037 3362 praeconibus,

374 3367 523 3428 Necnon
547 3368 622 3426 duee
643 3369 728 3446 ipso:
749 3377 782 3427 tn
802 3378 941 3447 strepens
965 3370 1007 3429 nil
1026 3390 1080 3428 «me
1101 3386 1217 3428 moves.

375 3452 437 3511 Per
457 3473 506 3512 me
526 3453 646 3526 quidem
663 3454 719 3512 tibi
742 3473 812 3514 esse
830 3474 908 3528 eum,
930 3455 983 3530 qui
1004 3456 1061 3527 sis,
1081 3455 1164 3512 lieet.

374 3538 456 3596 Men.
498 3537 709 3597 Periculosum
731 3547 779 3600 est
795 3540 871 3598 talia
889 3541 921 3598 in
940 3541 1031 3599 malis
1052 3540 1144 3614 loqui.

377 3621 453 3680 Teu.
496 3624 627 3696 Acerba,
646 3625 785 3700 quamvis
805 3643 913 3700 aequa,
935 3627 1029 3685 verba
1046 3624 1199 3684 vellicant.

299 3715 368 3770 1120
376 3707 458 3766 Meu.
500 3707 540 3767 Et
560 3707 685 3784 gloriari
702 3708 864 3785 plurimum
883 3711 1053 3770 arcitenens
1074 3708 1160 3768 solet.
