3059 4492
632 524 783 620 „¹⁹3-

246 686 384 764 κτάσθω,
406 686 517 768 Λόγδε,
541 687 617 756 σόαέ
638 691 756 773 πιμελῇ
779 687 964 774 φλιδόοντας
978 687 1110 760 Ἶόλλας.

290 772 447 856 ἀρκοῦμαι
468 771 494 834 δ’
519 771 577 836 ὑπὸ
600 775 648 836 σοὶ
672 774 878 857 σωζομένοισι
893 775 1004 858 βοτοῖς.

156 915 157 926 '
248 964 275 1011 c.
301 936 412 1004 ΠΡΟΣ
432 936 774 1006 ΑντυκΡΑτυΡΑν.
796 940 868 1006 κω
890 937 986 1005 νυνι
1012 937 1161 1005 Αντυν.

249 1030 314 1102 M.
338 1024 424 1108 ἦμαρ
450 1020 608 1109 Καίσαρος
627 1025 705 1108 ἡδὺ,
728 1027 876 1112 σεβαστόν
901 1028 1018 1110 μᾶλλον
1042 1026 1161 1090 ἐκείνου

284 1109 349 1192 Ἴδη
377 1108 408 1171 ἐν
432 1104 458 1192 ᾧ
479 1108 589 1193 Δίκτης
608 1111 722 1173 κλότεσι
746 1116 825 1194 φῦσε
849 1111 919 1185 Δία,

249 1196 361 1260 αἰῶνος
383 1190 510 1255 Πυλίυιο
533 1193 613 1256 πολὺ
640 1197 847 1280 χρονιώτερον
872 1193 987 1271 ἔλθοις,

289 1276 384 1342 ταότό
407 1276 436 1338 τ’
459 1278 508 1339 ἀεὶ
528 1278 671 1361 λάμποις,
692 1281 712 1364 ἦ
732 1280 784 1342 καὶ
806 1278 1015 1363 άμεινότερον.

248 1360 1080 1529 '‘⁹323“225252}0'‡³12‘32‘33⁵af⁹a“a⁰2⁹535awfflffspm'

248 1531 359 1596 κόκλον
386 1528 489 1613 ἄγοιτο
516 1530 609 1614 μέγαν
632 1471 897 1617 πεὲιτελλομένωρν
919 1534 1078 1609 ἐνιαυτῶν,

292 1617 343 1701 ἱρά
362 1636 407 1690 τε,
427 1610 595 1698 Ῥωμαίων
618 1616 669 1678 οἷα
693 1614 843 1700 Τέρεντος
864 1616 939 1701 ἔχει.

251 1700 339 1785 ἁδρὰ,
361 1699 440 1773 θεολ,
462 1699 642 1782 λιτόμεσθα,
667 1701 770 1764 δίκαια
793 1703 838 1764 δὲ.
859 1704 902 1770 τίς
923 1702 980 1785 γὰρ
1005 1700 1133 1784 ἀναιδὴς

292 1784 370 1870 εὐχὴ
394 1782 429 1845 ἂν
455 1783 502 1866 εἴη
526 1785 602 1869 ὑπὲρ
620 1786 794 1848 τοσσατίοιο
818 1786 910 1861 θεοός

250 1957 317 2030 5,3.
340 1951 433 2034 Δῆγις
453 1952 469 2012 ό
489 1948 655 2035 Ῥωμαίων
676 1956 729 2034 τῆς
749 1951 848 2058 όγγθης
870 1953 937 2036 ἄρτι
958 1955 1117 2038 πάροικος,

292 2037 327 2101 όν
353 2058 403 2098 σοι
425 2036 596 2105 δουλωθεὶς
613 2035 729 2119 Ἴστρος
752 2043 900 2122 επεμψεν,
925 2037 1011 2117 ἄναξ,

249 2122 432 2208 χαρμοσόνη
456 2118 623 2206 ἔκθαμβος,
645 2122 718 2183 ἰδών
738 2123 876 2204 ἡγήτορα
897 2121 1015 2204 κόσμου

291 2209 370 2290 πρδς
390 2206 441 2268 τὸν
468 2206 681 2289 όμαρτυόντων
704 2207 809 2269 τοιάδε
831 2207 908 2269 λαδν
930 2204 1002 2290 ἔφη,

251 2296 304 2354 τοῦ
326 2292 434 2358 κάσιος
456 2291 593 2373 ζηλωτὸς
620 2289 680 2371 ἐγώ
704 2289 810 2366 πλέον,
835 2291 896 2353 όττι
918 2289 992 2353 θεόν
1017 2313 1079 2374 μοι,

292 2375 326 2438 δν
348 2375 472 2460 σέβεται
495 2374 624 2457 μακρὰν,
648 2373 774 2457 ἐγγόθεν
797 2375 875 2437 ἐστὶν
900 2378 984 2459 όρᾷν.

158 2537 159 2560 ’
252 2548 318 2620 4,3.
342 2543 462 2606 Λεῦσσε
485 2544 534 2626 δὴ,
559 2546 601 2610 ώς
622 2545 711 2606 ὑετοῦ
727 2544 851 2611 πυκινὸς
862 2541 958 2611 πόκος
970 2543 1164 2629 ἀψοφέοντος

291 2626 451 2712 Καίσαρος
472 2629 515 2696 εἰς
536 2626 671 2695 κόλπους
690 2628 843 2703 πιλνατοιι,
871 2626 915 2695 εἷς
936 2651 969 2690 τε
989 2630 1077 2713 κάρα.

251 2710 325 2797 Ζηνὶ
349 2712 380 2774 δ’
406 2712 440 2780 ὃς
461 2714 579 2797 ἥσυχος
602 2711 687 2788 εἴκει,
715 2712 883 2795 ἀκινήτοισι
902 2715 1081 2798 προσώποις

301 2796 388 2880 λόχεϊ
409 2796 611 2880 πηγνυμένων
635 2796 691 2859 οὐκ
714 2796 834 2877 ἀλέγων
856 2797 987 2874 ὑδάτων,

250 2821 330 2966 ἠθός
353 2879 564 3029 Ὑπερβορέου
588 2879 765 2964 κατατρόειν
791 2879 888 2964 άστρα
908 2879 1058 2959 Βοώτεω,

292 2969 346 3048 τῆς
368 2964 429 3028 θΗ
459 2966 543 3049 λόκης
565 2967 658 3050 διερῷ
685 2965 771 3049 κρατὶ
792 2965 1024 3048 καταφρονέειν.

250 3056 304 3115 τοῦ
329 3049 442 3114 Διόθεν
467 3050 599 3133 ξηροῖσιν
623 3047 793 3133 ἀθόροντος
815 3049 991 3132 ραθάμιγξιν

291 3137 351 3219 ἥδε
373 3133 480 3220 κόρου,
504 3133 616 3210 δοκέω,
640 3131 799 3217 Καίσαρος
823 3133 886 3196 ἐστὶ
907 3134 1006 3218 νιφάς.

251 3309 278 3381 7,
287 3308 317 3367 6.
340 3307 406 3387 μών
421 3301 477 3450 ἄρ’
490 3301 705 3449 Ὑπεργρορέων
723 3303 907 3385 ὁρμώμενος
922 3301 980 3363 εἶσι
995 3301 1071 3382 πρὸς
1081 3300 1164 3382 ἡμᾶς

291 3388 354 3472 ἤδη
378 3389 410 3456 ἐς
433 3387 561 3469 ’ταλίης
613 3390 703 3470 αῖσαρ
727 3386 850 3469 ἑτοῖμος
874 3385 980 3460 δδοός;

250 3478 308 3542 πᾶς
329 3473 384 3556 μέν
410 3495 495 3556 φησι,
515 3471 607 3553 λόγου
632 3471 660 3532 δ’
685 3470 873 3552 αὐτάγγελος
889 3469 925 3532 οὐ
945 3469 1039 3552 πάρα.
1065 3466 1113 3529 σοὶ
1128 3467 1163 3530 δὲ

292 3561 362 3638 (σὸν
385 3556 442 3641 γὰρ
465 3556 645 3640 ἀληθεύειν)
669 3556 693 3618 ὦ
716 3555 808 3631 Φάτι,
830 3553 1015 3636 πειθόμεθα.

250 3641 411 3725 πάνδημόν
434 3663 468 3724 γε
489 3639 588 3725 χαρὰν
608 3638 718 3724 νικηφό
741 3662 760 3700 α
780 3640 945 3722 γράμματα
968 3640 1079 3722 φωνεῖ,

292 3725 397 3813 χλῶρ’
420 3726 545 3816 ἐπλιτῆς
564 3728 703 3809 κορυφῆς
722 3661 818 3807 έγχεα
841 3724 1043 3808 δαφνοφορεῖ.
