3059 4492
683 514 745 574 289

255 689 286 746 2.
334 682 395 759 Qui
415 683 478 741 vini
502 682 676 742 excessisse
695 684 819 744 modum
841 701 876 742 se
897 684 1050 760 postulet:
1071 684 1171 761 impos

297 771 356 828 Est
377 768 481 841 enimi,
501 768 623 846 linguae
646 776 694 827 est
709 769 811 844 impos
834 776 865 826 et
885 768 938 827 ille
960 787 1045 828 suae.

253 860 355 930 Atque
379 853 524 931 oggannit
542 854 656 928 inepte,
681 861 711 911 et
733 873 810 931 quae
831 854 1009 930 turpissime
1028 853 1130 927 siccis,
1176 856 1179 861 ’

297 939 353 998 Nil
376 947 406 996 et
426 939 630 1015 inexpertum,
652 939 722 996 dum
746 939 945 1015 memetipse,
967 939 1043 997 finit.

253 1027 358 1084 Mente
379 1024 462 1100 prius
486 1041 621 1101 compos,
643 1032 714 1082 tunc
737 1024 849 1082 infans.
871 1023 954 1102 Iirgo
978 1030 1129 1083 memento
1189 1088 1192 1093 ⁴

297 1111 382 1174 Intre
404 1107 571 1186 legitimum
594 1106 714 1166 sumere
738 1109 810 1167 vine
834 1109 968 1166 modum.

160 1186 161 1194 ¹
255 1194 355 1272 Surge
378 1193 461 1268 prius
483 1213 571 1269 quem
594 1212 680 1252 meus
703 1193 775 1252 vino
795 1194 974 1270 deponitur:
996 1199 1097 1266 etue,

298 1281 341 1340 Ut
363 1278 502 1336 mercede
522 1297 654 1352 merens,
677 1286 783 1337 ventre
805 1279 936 1351 trahere,
957 1278 1036 1337 vide.

255 1451 287 1509 3.
331 1449 495 1507 Mensurae
516 1447 629 1506 oblitos
654 1449 717 1506 vini
737 1448 784 1507 vis
805 1459 937 1524 sumpte,
960 1447 1132 1506 modestum

298 1534 339 1592 Et
361 1533 496 1605 emitum,
520 1551 634 1592 vacuos
656 1533 767 1592 mentis
789 1540 936 1606 utrosque
957 1532 1040 1590 fecit.

255 1622 484 1697 Argentumque
506 1635 670 1693 eurumque
691 1618 854 1694 explorent
869 1617 943 1695 igne
963 1618 1068 1694 periti:

298 1707 359 1764 Ast
377 1703 529 1761 hominum
550 1703 643 1760 nudet
661 1703 771 1762 mentis
796 1710 902 1778 operte
923 1721 1038 1760 merum

255 1789 402 1864 Quemvis
428 1788 619 1865 prudentum,
639 1789 804 1863 vitiumque
826 1788 980 1846 examinet
999 1806 1101 1860 omne,
1123 1795 1154 1845 et

299 1874 359 1936 Vel
383 1875 479 1932 centis
500 1874 630 1931 rubeant
650 1893 703 1931 ore
724 1874 852 1950 pudore,
874 1873 955 1930 fecit.

254 1962 338 2021 Vina
357 1967 447 2036 caput
461 1959 536 2015 mihi
558 1959 739 2032 concutiunt,
763 1957 974 2018 Oncmucrite:
997 1956 1061 2032 egit
1080 1973 1137 2019 me

298 2046 427 2106 Vinum:
450 2063 506 2102 nec
525 2044 637 2102 mentis
662 2051 709 2102 sat
734 2044 813 2102 bene
836 2061 963 2118 compos
986 2060 1053 2118 ege.

255 2131 336 2190 Tota
358 2129 465 2189 domus
486 2128 597 2186 circum
618 2130 757 2203 quatitur.
781 2127 843 2189 Sed
864 2146 955 2204 surge
973 2145 1046 2203 ege,
1069 2123 1171 2185 sodes:

299 2215 460 2291 Experiar,
483 2213 546 2271 vini
565 2215 611 2274 vis
633 2214 783 2271 habeatne
806 2212 913 2290 pedes,

254 2304 357 2376 Atque
379 2299 472 2357 enimi
494 2306 635 2356 mentem.
660 2307 761 2356 metuo
785 2298 864 2355 mule
887 2316 926 2354 ne
947 2295 1018 2371 quid
1038 2295 1172 2370 ineptum

298 2385 412 2446 Ebrius
435 2392 466 2442 et
487 2384 636 2456 medidus,
657 2403 733 2442 neve
755 2382 899 2461 pudenda
918 2399 1029 2458 gerum.

256 2472 385 2530 Temetn
408 2469 501 2528 nimio
526 2469 552 2527 si
575 2469 642 2544 plus
665 2479 760 2543 utere,
788 2467 925 2526 nocebit:

301 2555 335 2616 Si
356 2555 488 2627 modice,
509 2553 588 2612 haud
612 2562 731 2628 noceat,
755 2552 890 2630 proderit
911 2552 974 2608 imo
997 2548 1104 2625 magis.

605 2725 819 2782 Eratosthenis.

255 2808 383 2867 Viribus
409 2808 591 2885 aequiperet
610 2809 748 2866 flammae
772 2806 862 2866 simul
883 2802 1050 2863 insinuavit

300 2894 414 2952 Vinum
435 2894 600 2967 hominem,
622 2893 720 2969 qualis
743 2893 826 2951 sulse
848 2889 999 2966 profunde
1019 2885 1124 2958 meris,

256 2981 320 3037 Ant
338 2977 462 3054 Aquilo,
485 2987 536 3036 aut
556 2979 611 3036 vis
625 2978 731 3037 Austri
753 2979 885 3047 exercet,
911 2980 1016 3048 operta
1037 2970 1174 3046 resignet

300 3063 462 3137 Funditus,
493 3071 582 3139 etque
603 3064 755 3121 hominum
778 3069 901 3138 pectere
924 3067 989 3116 tote
1007 3055 1112 3130 quatit.

647 3231 777 3289 Hesiodi.

260 3315 374 3391 Qualia
397 3317 475 3374 done
496 3317 579 3375 dedit
599 3314 862 3390 Liber‚'viteeque
883 3314 1000 3381 beatae,

257 3400 478 3476 Materiemque
499 3401 570 3474 odii,
591 3408 710 3477 praeter
731 3401 779 3458 ius
800 3400 871 3457 vina
890 3395 1014 3455 bibenti.
1087 3472 1090 3477 ἱ

258 3485 298 3543 Et
321 3486 459 3563 linguam
480 3487 590 3558 caecis,
623 3493 813 3559 mentemque
832 3483 985 3559 pedesque
1006 3494 1174 3552 manusque

259 3571 379 3630 Vinclis
401 3571 536 3650 stringit:
559 3581 590 3629 et
611 3571 639 3629 is
660 3570 792 3629 declinat
810 3568 926 3636 luminu
947 3582 1067 3624 sumno.

874 3691 878 3701 ’
918 3735 972 3794 te
