3059 4492
694 471 846 564 -ι-οι-

313 637 391 704 Βίου
413 633 588 699 παλαισταί.
608 633 708 704 Λυδδς
731 635 763 698 ἐν
787 632 971 718 μεσημβρίᾳ,

313 720 492 805 Βομβυλίας
514 717 688 803 ἄνθρωπος.
710 718 837 803 Ἀργεία
858 717 950 802 φορά.

312 802 589 892 Βορβοροτάραξις.
606 800 714 889 Ἔξεχ
736 805 762 866 ὦ
786 802 851 888 φιλ’
875 803 955 885 ἥλιε.

312 888 470 954 Βόσκουσι
492 888 630 974 φυγάδας
652 888 783 957 ἐλπίδες.
804 885 904 973 Νιόβη
927 885 1023 970 πάθη.

312 972 435 1042 Βουνᾶς
459 973 583 1044 δικάζει.
606 970 659 1055 Μὴ
682 972 794 1056 λόγους
816 970 885 1036 ἄντ’
906 970 1055 1054 ἀλφίτων.

312 1056 398 1126 Βοῦς
418 1057 562 1144 έβδομος.
586 1056 682 1140 Λάλει
703 1057 748 1133 δὲ,
768 1058 820 1121 καλ
842 1057 883 1140 μὴ
905 1055 1040 1138 θίγγανε.

312 1139 400 1211 Βοῦς
422 1143 466 1211 εἰς
487 1140 614 1227 ἄμητον.
638 1140 795 1226 Ψηλαφᾷν
820 1141 850 1203 ἐν
875 1143 920 1224 τῳ
941 1138 1051 1224 σκότῳ.

312 1225 398 1308 Γαλῆ
418 1224 586 1310 κροκωτόν.
601 1225 756 1310 Ἀφθονοι
776 1223 914 1289 Μουσῶν
936 1222 1039 1307 θύραι

313 1309 455 1379 Γάλλους
475 1311 506 1372 τί
523 1309 661 1393 τέμνεις;
684 1308 851 1395 Κανθάρου
875 1309 1062 1392 σοφώτερος.

313 1393 428 1458 Γείτιυν
450 1392 615 1463 Μυκόνιος.
637 1392 690 1478 Μὴ
712 1395 790 1479 πρδς
810 1395 867 1477 ἐμὲ
887 1393 925 1456 τά
948 1393 1081 1456 ποικίλα.

312 1477 421 1546 Γέλως
441 1475 624 1562 Μεγαρικός.
653 1475 699 1542 Οὔ
721 1477 793 1542 ποτ’
815 1477 898 1564 ἴσχεν
919 1478 939 1559 ἡ
961 1476 1053 1562 θύρα.

290 1561 444 1647 ιΓέραιρε
470 1563 590 1626 σαυτόν.
618 1560 728 1647 Τυρίαν
753 1563 970 1649 Ξενοκράτους.

313 1645 474 1732 Γερόντιον
497 1652 648 1710 στοπεῖον.
673 1644 839 1716 Οἰδίποδος
859 1649 930 1732 ἀρά.

312 1729 434 1795 Γλαῦκ’
460 1733 504 1800 εἰς
526 1731 669 1816 Ἀθήνας.
683 1728 735 1801 Ἐξ
758 1733 827 1801 ἑνδς
846 1732 884 1795 τὰ
902 1728 998 1794 πάνθ’
1021 1733 1104 1815 δρᾷς.

313 1814 414 1879 Γλυκδ
440 1815 511 1899 μέλι
529 1817 581 1880 καὶ
599 1815 675 1886 πνίί.
696 1815 779 1879 Ἀντὶ
797 1815 837 1879 πέ
856 1839 912 1899 κης
932 1815 1086 1898 σκορπίον.

313 1898 463 1984 Γραμμὴν
487 1900 541 1964 ἐπ’
566 1900 661 1986 άκραν
689 1901 812 1985 ”κομεν.
835 1839 942 1970 Βαλδς
962 1899 1074 1964 πίθων.

313 1982 507 2069 Γυμνότερυς
531 1985 656 2070 ὑπέρου.
678 1925 763 2055 Βοῦς
785 1987 816 2048 ἐν
840 1985 939 2070 αὐλίῳ
960 1983 1055 2069 κάθη.

313 2067 463 2138 Γυναικδς
483 2069 622 2154 ὄλεθρος.
645 2069 669 2133 Γ
672 2068 839 2154 υμνότερος
857 2068 1011 2174 Ἰαλέμῳ.

313 2153 479 2238 Δεινίτερα
498 2157 612 2240 πάσχει
636 2153 805 2240 Σαμβίκου.
827 2153 952 2239 Πλήρης
973 2153 1073 2222 πιθος.

313 2238 420 2301 Δεῖται
444 2239 581 2303 σελίνων.
604 2236 721 2322 Μικρὸν
744 2239 859 2388 δβόλου
881 2239 989 2323 τίμιον.

313 2324 465 2406 Δελφῖνος
488 2323 519 2386 ἐν
541 2323 647 2408 χέρσῳ
670 2324 731 2409 βία.
780 2325 990 2408 φενδάμνινος.

313 2408 403 2492 Δερῶ
429 2408 463 2470 σὲ
485 2407 621 2472 θίιλακον
645 2411 771 2491 κλοπῆς.
798 2405 853 2476 Εἰς
875 2408 991 2494 ὀλβίαν.

313 2491 368 2560 Δὶς
388 2494 498 2561 παῖδες
520 2494 549 2555 οἱ
570 2490 719 2576 γέροντες.
738 2493 834 2577 Ὑπὲρ
854 2492 927 2556 ὄνου
951 2494 1046 2558 σκιάς.

313 2576 338 2639 Δ
360 2580 462 2661 αχμῆς
483 2579 616 2661 χάλαζα.
638 2574 806 2724 Κανθρίρου
831 2578 1026 2661 μελάντερος.

346 2681 446 2742 γνωκε
469 2660 506 2743 δὴ
529 2662 588 2744 θῆρ
610 2662 703 2744 θῆρα.
756 2662 841 2724 εττδν
865 2660 1022 2725 ἀνατίθου.

311 2741 366 2813 Εἰς
389 2743 494 2828 αὔριον
519 2747 681 2808 σπουδαῖα.
705 2741 907 2815 Βαθυκλέους
928 2744 1022 2815 κύλιξ.

312 2825 366 2896 Εἰς
385 2826 440 2897 οὖς
458 2827 566 2910 λέγειν.
594 2827 739 2913 Ζήνωνος
760 2830 1005 2916 ἐγκρατέστερος.

311 2909 367 2981 Εἰς
386 2912 440 2996 τὴν
464 2915 593 2997 σελήνην
618 2913 815 2978 Ἀκεσιλάου.
836 2915 899 2985 Λθξ
918 2918 1034 2980 πατεῖν.

311 2994 366 3062 Ἐκ
386 2996 539 3084 γεύματος
559 2999 662 3082 γνοίης
685 2997 730 3061 ἄν.
749 2997 930 3085 Ἀθόροιτον
954 2998 1061 3084 στόμα.

311 3079 367 3146 Ἐκ
388 3086 443 3165 τῆς
464 3081 618 3168 φαρέτρης
638 3082 751 3168 ἡμέρα.
771 3080 818 3147 Τὰ
838 3083 1011 3150 Καννάκου.

310 3163 366 3230 Ἐκ
388 3171 448 3230 τῶν
470 3164 523 3230 ὀνά
550 3191 592 3230 ων
612 3167 733 3230 λέοντα.
754 3165 925 3253 Κουρήτων
949 3168 1076 3250 στόμα.-

310 3247 536 3336 Ἐλέφαντοςο
561 3252 611 3314 δὲν
635 3251 802 3337 διαφέρεις.
828 3252 957 3317 Λαίλιον
978 3252 1077 3322 πόλις.

303 3328 429 3398 Ἕλκειν
454 3335 638 3420 σκαπέρδαν.
659 3334 713 3400 Ἐκ
739 3361 755 3400 τ
776 3338 842 3422 ιχδς
863 3338 1055 3423 κρεμάμεθα.

308 3414 364 3480 Ἔν
387 3416 469 3484 Καὶ
492 3423 543 3486 τδν
565 3421 714 3485 κίνδυνον.
734 3361 888 3505 ’θρνιθων
910 3425 1002 3506 γάλα.

308 3497 361 3564 Ἐν
384 3443 458 3587 πορθ
473 3503 616 3589 βέβηκας.
639 3503 872 3590 Μορμολάττειν
896 3507 1003 3591 ἀσκίῳ.

310 3583 399 3649 Ἔνθ’
422 3587 452 3648 οἱ
473 3587 567 3656 πόδες
589 3589 734 3674 φέρωσιν.
757 3588 811 3658 Εἰς
828 3591 913 3674 ὕδωρ
934 3590 1072 3674 γράφειν.

307 3667 389 3742 ἜΕυν
413 3669 523 3756 βέλους
544 3674 676 3756 κάθησο.
697 3669 857 3737 Ταντάλου
878 3673 972 3740 λίθος.
