3059 4492
771 505 810 565 28

335 673 408 732 Nisi
428 674 504 731 orba
524 673 602 731 lucis
622 673 741 732 viveres
765 674 945 750 salutisque,

336 758 491 816 Iniuriosa
509 758 653 815 servitute
673 760 872 834 praedonum,

337 842 396 916 Qui
417 842 591 900 nidulantur
609 843 772 902 Adriaticis
797 845 924 920 stagnis,

336 929 376 986 Et
390 928 461 984 iude
481 946 602 1004 semper
623 929 781 986 imminent
801 948 897 986 novae
920 929 1062 1004 praedae,

337 1013 477 1070 Thetidis
502 1021 638 1089 nepotes,
662 1022 692 1071 et
712 1012 851 1073 Salaciae
874 1014 965 1072 cives.

337 1098 408 1157 Heu
431 1096 645 1173 Spartanorum
666 1098 805 1156 traduces
829 1099 985 1155 venenati!

336 1183 406 1241 Heu
428 1183 651 1258 transfugarum
672 1191 715 1241 tot
729 1183 917 1259 propagines
941 1201 1057 1256 sacrae,

337 1270 376 1326 Et
396 1268 579 1343 perditorum
602 1285 691 1344 seges
712 1269 814 1326 adulta
835 1267 1003 1326 latronum!

338 1352 434 1428 Queis
456 1371 575 1410 summa
595 1352 662 1411 laus
684 1362 730 1412 est
749 1353 910 1429 possidere
932 1354 969 1410 de
992 1363 1089 1429 rapto,

336 1437 494 1496 Peculium
516 1437 629 1495 fecisse
653 1438 690 1495 de
712 1439 805 1511 malo,
830 1438 933 1496 virtus.

314 1555 318 1564 ι
338 1517 472 1598 Quorum
485 1523 557 1580 urbs
573 1523 611 1579 ab
629 1522 702 1581 atris
718 1531 958 1597 quantacunque,
977 1542 1172 1599 quaecunque
1192 1531 1251 1596 est,

337 1606 475 1665 Isaurica
497 1607 671 1680 sodalitate,
694 1609 801 1684 piratis

339 1692 493 1751 Conflata:
518 1693 555 1750 ab
579 1693 652 1751 atris
676 1702 774 1765 aucta,
797 1694 861 1750 fota
886 1691 1004 1767 piratis,

337 1780 447 1854 Auget,
468 1776 612 1851 fovetque
636 1796 715 1835 nunc
735 1779 833 1835 amica
853 1776 985 1853 piratas:

338 1862 481 1920 Taberna
501 1860 637 1932 sceleris,
658 1863 781 1920 officina
793 1862 971 1939 Cyclopum,

338 1948 424 2006 Intus
446 1947 615 2004 recondens
638 1949 757 2024 copiam
780 1948 935 2025 improbae
956 1948 1077 2019 mercis,

338 2032 472 2108 Dolique
494 2051 616 2090 acervos
638 2034 803 2111 flagitiique
829 2035 1006 2091 thesauros:

338 2118 533 2194 Ergastulum
552 2118 678 2183 cruoris,
700 2128 730 2176 et
748 2136 941 2177 venenorum.

338 2203 400 2262 Ubi
422 2203 559 2260 maxima
579 2204 717 2260 mercede
741 2204 922 2281 sanguinum
948 2203 1039 2260 servit

338 2286 474 2363 Propola
493 2288 598 2360 toxici,
623 2288 746 2347 institor
765 2288 838 2347 mali
860 2288 956 2347 succi:

340 2372 419 2429 Tum
438 2373 575 2447 quisquis
599 2383 629 2430 et
646 2373 733 2447 clam,
757 2395 819 2433 non
841 2373 941 2449 palam
961 2373 1047 2431 nefas
1071 2373 1170 2446 audet,

340 2456 547 2533 Sicariusque,
570 2459 621 2531 qui
639 2459 739 2533 palam
764 2459 850 2516 nefas
874 2458 972 2515 audet.

339 2541 420 2600 Nam
438 2542 524 2599 lictor
540 2543 652 2615 audax,
673 2543 872 2619 publicusque
894 2549 1057 2618 grassator,

341 2626 476 2701 Cumque
496 2627 620 2685 horrido
641 2627 754 2685 lanista
772 2627 962 2703 spiculatore,

341 2712 437 2788 Turpi
458 2710 517 2768 fide
539 2720 711 2770 auctoratus
734 2720 764 2769 et
787 2720 986 2782 sacramento,

341 2795 568 2873 Stipendiorum
589 2816 644 2873 spe
664 2797 809 2872 superbit,
834 2804 864 2854 et
884 2796 975 2854 sumit

340 2884 368 2940 A
387 2882 511 2939 crimine
531 2881 661 2954 animos,
684 2901 702 2938 a
722 2881 846 2940 licentia
867 2881 988 2938 ferrum.

340 2967 401 3026 Ubi
419 2967 578 3042 peierator,
600 2975 689 3041 atque
710 2967 847 3026 funerum
872 2983 1026 3042 manceps,

341 3051 481 3127 Sociique
503 3052 610 3126 capitis
634 3060 724 3129 atque
745 3052 903 3129 sanguinis
929 3058 1029 3108 sector

341 3136 435 3210 Civis,
454 3155 574 3195 suorum
599 3137 685 3195 triste
706 3138 876 3214 praestinat
895 3135 988 3192 letum

340 3221 527 3297 Quocunque
546 3222 656 3298 pretio,
681 3230 752 3296 quot
773 3223 876 3293 licent,
900 3220 1074 3279 amicorum.

341 3304 398 3365 Oui
420 3307 504 3366 nulla
520 3309 599 3366 iusto
622 3309 693 3366 urbs
717 3309 815 3365 Marte
840 3306 943 3379 cessit,
962 3313 1014 3364 aut
1034 3306 1128 3364 bello:

291 3435 299 3452 .
341 3390 403 3451 Sed
426 3393 509 3467 quali
531 3393 629 3451 ahena
651 3394 784 3452 claustra
806 3392 988 3450 moliebatur

340 3482 425 3548 Arte,
449 3487 479 3534 et
500 3496 585 3536 seras
604 3478 765 3556 Philippus
787 3477 916 3550 urbium,
941 3485 970 3534 et
991 3484 1102 3536 vectes.

342 3559 409 3619 Hac
430 3571 554 3638 propter
576 3565 645 3640 ipso
669 3572 716 3624 est
735 3565 767 3621 in
790 3563 865 3621 mari
889 3564 958 3635 sita,
980 3569 1013 3619 ut
1035 3579 1160 3638 magnas

340 3646 480 3705 Piscetur
499 3648 591 3708 urbes
611 3649 742 3724 undique
763 3669 856 3707 aureo
878 3648 943 3706 reti.

385 3732 412 3792 Ο
435 3731 526 3803 Diva,
549 3752 618 3790 nam
640 3753 717 3808 quae
740 3734 896 3793 vorticosa
914 3731 1101 3806 tempestas?
