3059 4492
658 540 810 635 -7-3-

272 708 358 782 Quid
379 709 510 766 referam
533 706 625 765 nullis
647 707 866 780 indelessabile
889 727 1018 785 corpus·

271 794 405 865 Usibus,
426 800 457 849 et
475 792 597 869 patiens
619 810 711 852 aurae
731 793 883 870 glacialis,
907 799 937 850 et
954 795 1082 852 aestus?

273 878 358 951 Quid
379 877 477 936 somni
493 877 644 939 immunes
664 878 790 938 oculos?
811 878 882 954 qnid
904 879 1039 936 membra
1061 880 1163 939 laboro
1234 899 1236 904 ’

273 963 452 1039 Campestri
473 962 591 1033 durata,
610 981 667 1020 nec
689 963 742 1021 uni
764 971 836 1020 nata
857 963 1052 1038 palaestrae?
1112 1009 1115 1019 r

272 1049 378 1122 thue
398 1047 471 1104 illae
490 1047 575 1104 dotes
598 1047 759 1106 vincebant
781 1056 911 1110 caetera,
930 1047 974 1104 ita
999 1067 1076 1106 uuus

273 1133 401 1192 Vicerat
420 1133 476 1190 bas
501 1130 619 1190 animus
641 1151 795 1209 generoso
816 1134 954 1198 incoctus
977 1132 1116 1205 honesto,

274 1218 420 1292 Puraque
441 1235 529 1274 meus
551 1215 628 1274 nulli
647 1218 787 1276 vitiorum
808 1218 915 1294 pervia
935 1217 1008 1289 labi,

273 1305 319 1362 Et
340 1301 415 1360 recti
435 1300 582 1373 retinens,
603 1309 636 1359 ¹et
655 1303 769 1361 vindex
789 1302 904 1361 fraudis
922 1321 1043 1374 avarae,

276 1387 359 1446 Tum
382 1387 490 1464 pudor,
509 1394 540 1443 et
561 1405 661 1446 morea
679 1387 791 1463 priscis
815 1387 967 1446 Heroibus
989 1387 1088 1461 aequi,

273 1474 319 1532 Et
339 1479 442 1529 castae
464 1471 596 1548 gravitas
617 1491 677 1530 uon
699 1473 841 1540 affectata
863 1471 1013 1546 loquelae:

276 1556 390 1618 Sobria
412 1555 593 1633 temperies:
614 1557 701 1618 frons
723 1577 788 1617 uon
809 1558 889 1614 elata
909 1557 1090 1633 sacundis[‚]

273 1641 348 1701 Non
368 1641 485 1700 deiecta
505 1641 607 1713 malis,
627 1642 780 1717 mediique
800 1643 830 1700 in
853 1649 978 1717 utroque
1000 1651 1129 1701 tenores.

273 1728 400 1786 Interea
419 1726 691 1803 magnaelegatns
714 1727 854 1802 poscitur
872 1727 959 1799 Urbi,

275 1811 403 1888 Septem
426 1830 505 1885 quae
524 1831 586 1869 una
605 1812 664 1870 sibi
688 1813 804 1888 gremio
827 1811 1035 1886 complectitur
1057 1831 1154 1871 eroes.

277 1898 443 1972 Quaeritur
465 1896 601 1954 emedio
621 1914 794 1973 procerum,
818 1916 897 1972 quae
919 1897 1053 1954 maxima
1073 1905 1159 1955 tauto

274 1985 361 2058 Apta
380 1983 462 2040 foret
480 1981 584 2040 cervix
605 1981 698 2040 oneri.
724 1981 794 2040 Tua
816 1981 936 2058 cognita
956 1981 1052 2040 virtus

275 2065 348 2125 Non
369 2074 417 2125 sst
437 2085 534 2142 passa
554 2067 604 2124 diu
626 2075 758 2125 mentem
781 2073 888 2125 nutare
909 2065 1041 2142 legentis

274 2151 442 2228 Principis,
466 2159 518 2209 aut
536 2169 696 2226 procerum
715 2151 837 2209 faelicia
856 2159 929 2209 vota
949 2150 1072 2208 morari.

275 2236 423 2296 Mitteris:
444 2244 474 2293 et
493 2255 584 2312 qnam
607 2245 690 2294 certa
709 2237 799 2308 fides,
821 2255 912 2312 quam
936 2235 1060 2310 provida
1081 2254 1163 2309 cura,

274 2325 340 2382 Aut
359 2331 413 2378 tua
433 2339 510 2395 quae
533 2321 625 2379 fuerit
643 2321 743 2380 claros
768 2327 906 2398 spectata
924 2339 980 2396 per
1005 2328 1089 2379 aetna

275 2405 445 2478 Sedulitas‚
466 2407 565 2465 sensit
585 2406 746 2483 Princeps,
767 2407 870 2465 videre
893 2403 1036 2478 Quirites.

275 2491 358 2564 Quin
380 2493 472 2550 ctiam
493 2491 672 2566 obsequium
694 2491 788 2569 longa
807 2493 839 2550 in
862 2491 993 2550 statione
1014 2498 1142 2563 teneret,

275 2577 410 2653 (Tantus
433 2596 516 2639 amor
534 2576 635 2653 Regni
658 2585 716 2649 est,
737 2585 823 2634 tanta
847 2583 894 2635 est
906 2576 1076 2634 reverentia
1084 2575 1194 2657 Regis)

274 2661 446 2721 Emeritam
468 2660 529 2719 uisi
547 2662 620 2733 iam,
641 2662 771 2720 lustrum
792 2662 986 2721 volventibus
1008 2663 1108 2732 anuis,
1177 2667 1179 2674 '

276 2747 380 2807 Roma
401 2747 579 2804 redonatum
601 2747 699 2822 patrio
720 2755 751 2804 te
772 2740 913 2806 redderet
935 2747 1012 2805 orbi.

321 2833 394 2890 vita
414 2833 516 2890 bonae
538 2833 625 2908 pacis
650 2831 896 2909 dulces-‘agitata
917 2850 1068 2908 perusus

277 2917 478 2993 Militiamqne
499 2917 602 2988 aulae,
621 2917 722 2993 potuit
744 2916 908 2992 tranquilla
926 2915 1023 2975 videri

275 3001 447 3060 Hactenus.
467 3001 550 3060 Hinc
570 3001 655 3060 crudi
676 3002 788 3062 studiis
811 3003 947 3070 exercita
968 3001 1075 3060 Martis

278 3085 411 3146 Caetera
431 3087 547 3144 loricae
567 3087 625 3145 sub
645 3087 784 3162 pondere
808 3087 909 3145 canuit
927 3095 1022 3146 aetas.

278 3171 354 3244 Quis
377 3172 528 3230 memoret
550 3190 638 3230 curas
661 3172 765 3245 animi,
789 3171 966 3231 discrimina
986 3172 1077 3242 vitae,

277 3255 343 3317 Sub
362 3257 440 3316 Iove
461 3257 583 3315 duratas
608 3256 734 3316 hiberno
756 3258 855 3316 sidere
876 3268 991 3327 nostes,

276 3344 379 3417 Atque
400 3342 592 3418 intempestis
615 3342 750 3416 equitata
772 3342 929 3400 cacumina
950 3339 1061 3398 nimbis
1124 3351 1127 3360 ‘

276 3427 428 3487 Fortibus
445 3427 551 3486 induto
572 3426 702 3504 rigidum
724 3429 848 3488 thoraca
868 3425 1002 3496 lacertis,

278 3510 408 3589 cogenti
428 3520 555 3584 turmas,
575 3511 717 3588 implenti
737 3513 841 3570 munia
861 3509 964 3586 magui

276 3597 388 3656 Militis
410 3605 502 3672 atque
524 3596 632 3656 ducis?
654 3597 803 3656 Lemovix
825 3603 944 3655 rectore
967 3595 1090 3653 carebat

277 3681 396 3755 Limes,
417 3682 591 3756 Aquitanae
611 3681 752 3742 scindens
776 3681 910 3740 confinia
929 3690 1038 3752 terras,

279 3760 437 3844 Tempore
454 3787 515 3844 quo
535 3766 643 3844 Stygio
665 3776 756 3844 caput
777 3766 941 3826 extollebat
962 3767 999 3824 ab
1022 3772 1110 3824 antro
