3059 4492
787 472 830 534 80

733 559 883 569 ---

351 642 501 702 Virtutum
522 643 629 715 series,
652 643 777 702 virtutes
801 643 933 702 vindieat
952 659 1067 702 omnes.

351 724 403 787 Sic
424 735 593 803 quaesunt
613 727 694 786 curis
716 729 842 787 aliorum
864 737 936 786 nata
958 727 1096 789 levandis

352 811 425 873 Otia
445 813 611 885 Musarum,
632 812 765 872 lacrimis
786 821 856 872 sunt
876 812 990 891 pabula
1010 814 1134 874 nostris.

320 963 324 979 Ι
350 897 391 955 Et
411 915 489 971 quae
509 907 580 955 sunt
601 898 717 956 cunctis
737 898 925 956 medicamen
950 897 1020 955 lene
1039 898 1177 959 laborum

349 981 516 1053 Litsrulae,
539 983 625 1041 nobis
643 983 779 1040 coeuntia
798 989 931 1058 tempore
952 983 1046 1059 longo

350 1065 485 1125 Vulnera
506 1067 691 1139 rescindunt,
713 1067 815 1125 animo
834 1068 907 1143 quia
929 1086 1012 1125 vana·
1029 1068 1212 1144 ministrant,

352 1148 461 1223 Qualia
481 1150 606 1210 fallaces
626 1151 809 1210 frustrantur
828 1153 938 1229 gaudia
961 1153 1061 1211 somni

350 1236 460 1294 Instar·
474 1244 642 1309 ventorum,
663 1236 840 1310 levibusque
861 1236 1016 1296 simillima
1034 1237 1142 1296 fumis:

350 1320 403 1393 Ut,
425 1320 543 1395 quoties
565 1321 638 1378 mihi
657 1321 737 1379 lecta
748 1322 851 1394 refert,
869 1341 967 1398 neque
986 1331 1120 1397 praestat
1134 1326 1265 1384 amicum

350 1404 479 1482 Pagina,
502 1405 636 1464 detester
655 1407 747 1465 toties
770 1425 840 1464 mea
857 1402 981 1464 numina
1004 1408 1118 1466 Musas.

350 1489 426 1547 Inde
445 1490 489 1561 fit,
511 1498 554 1561 ut,
578 1491 605 1548 si
627 1510 704 1565 quae
725 1493 869 1549 manabat
889 1492 1001 1568 largior
1025 1492 1097 1551 olim

352 1572 480 1633 Castalii
499 1575 598 1633 laticis
619 1586 723 1634 nostro
744 1577 783 1633 de
804 1586 928 1651 pectore
949 1595 1038 1648 vena,

350 1659 520 1737 Pauperior
541 1661 623 1730 fluat,
645 1669 675 1718 et
689 1679 853 1736 suppresso
876 1661 961 1719 fonte
982 1661 1115 1720 resistat.

350 1743 439 1804 Unde
459 1744 550 1820 igitur
573 1763 691 1818 versus,
714 1755 744 1804 et
764 1753 854 1821 rapto
876 1764 997 1804 carmen
1018 1739 1137 1804 amico¹

352 1827 518 1901 Sufficiam,
540 1831 588 1887 cui
608 1849 663 1888 nec
681 1830 826 1890 Phoebus
848 1830 1024 1906 respondet,
1046 1838 1080 1888 ut
1094 1839 1180 1904 ‘anta

350 1912 417 1973 Nec
437 1923 523 1973 vetus
545 1915 666 1991 aspirat·
680 1924 856 1994 vegetantes
878 1915 1010 1992 impetus
1033 1933 1134 1988 auras,

350 1999 548 2073 Parnassum,
571 2009 602 2058 et
621 2019 738 2059 sacram
760 2001 865 2059 solitas
886 2000 1045 2076 impellere
1067 1998 1226 2060 Cirrham?

350 2082 440 2156 Quod
462 2085 536 2142 mihi
557 2085 584 2144 si
606 2086 690 2144 nullo
712 2086 898 2162 squallerent
916 2091 1040 2162 pectora
1053 2085 1146 2159 luctu,

350 2169 390 2227 Et
409 2189 467 2246 par
487 2170 641 2247 ingenium
662 2172 780 2250 magnis
804 2171 963 2230 conatibus
984 2178 1078 2244 esset,

351 2252 494 2330 Supremi
515 2255 609 2312 officii
628 2265 817 2334 praestarem
837 2257 905 2314 iura
926 2253 1035 2314 sodali.

352 2336 414 2398 Sed
433 2339 508 2415 uigil
530 2340 569 2396 ad
589 2359 688 2414 curas,
711 2343 845 2417 solisque
866 2341 993 2399 adsueta
1013 2339 1144 2415 querelis

350 2422 421 2481 Non
443 2423 526 2482 venit
546 2424 585 2481 ad
603 2434 707 2501 partes
727 2427 816 2486 toties
836 2426 909 2484 mihi
929 2426 1026 2483 Musa
1040 2425 1142 2496 citata,

350 2508 413 2567 Pro
432 2509 533 2568 verbis
556 2510 686 2570 fundens
707 2511 859 2583 lacrimas,
878 2530 935 2587 pro
955 2509 1088 2568 carmine
1108 2516 1246 2584 questus.

350 2592 401 2651 Ne
422 2602 524 2652 tamen
545 2603 597 2652 aut
618 2596 728 2671 pietas,
751 2603 814 2668 aut,
837 2596 921 2654 cuius
942 2601 1047 2652 sancta
1069 2601 1220 2671 potestas,

352 2676 510 2737 Claudicet
526 2679 621 2737 officii
639 2699 709 2754 pars
732 2680 795 2738 ulla
817 2679 984 2740 novissima
1004 2680 1110 2749 nobis;

274 2757 278 2760 ⁴
351 2760 421 2820 Huc
444 2763 517 2821 ades
541 2763 676 2821 adiutrix
696 2767 796 2823 nostri
816 2765 922 2842 regina
943 2765 1071 2836 laboris,

350 2847 391 2907 Et
411 2847 496 2918 mihi,
519 2847 722 2924 Melpomene,
742 2851 877 2926 potiores
897 2849 1040 2926 praecipe
1064 2845 1190 2920 Cantus,

350 2931 487 2991 Fletibus
507 2932 674 2992 immodicis
698 2942 834 2994 statuens
862 2936 929 3009 quis
950 2935 1095 2992 terminus
1116 2935 1236 2992 haeret:

353 3017 436 3092 Quos
459 3017 610 3077 desiderio
632 3021 721 3092 fines,
744 3039 821 3095 quae
843 3029 984 3096 tempora
1002 3037 1091 3094 pono.

328 3164 330 3173 ,
351 3103 391 3161 Et
410 3120 501 3177 quum
521 3110 552 3160 te
573 3104 604 3160 in
626 3113 743 3181 partem
762 3106 954 3163 lacrimarum
976 3122 1069 3178 saepe
1090 3103 1233 3176 vocarim,

351 3188 438 3247 Pone
456 3207 564 3265 graves
583 3190 723 3265 gemitus,
744 3190 935 3264 lamentaque
956 3189 1061 3247 desine
1081 3207 1208 3262 mecum,

350 3272 505 3331 Funereos
526 3273 660 3332 lacerata
680 3276 778 3350 sinus,
803 3275 942 3334 immissa
963 3275 1089 3332 fluentes

352 3357 519 3434 Hirtaper
541 3378 593 3416 ora
615 3379 729 3433 comas,
752 3369 783 3419 et
804 3361 903 3420 scisso
928 3359 1078 3434 squallida
1097 3357 1198 3434 peplo.

353 3438 448 3500 Come
471 3452 640 3503 serenatam
664 3446 745 3505 festo
768 3446 939 3504 diademate
958 3444 1099 3503 frontem.

351 3526 447 3583 Indue
467 3546 620 3604 purpureo
640 3531 795 3590 radiantes
818 3532 932 3589 lumine
953 3529 1061 3586 cultus.

352 3610 492 3669 Detersis
515 3614 606 3686 curis,
628 3623 657 3672 et
675 3616 765 3691 pulsa
787 3618 866 3674 nube
888 3613 997 3672 doloris

354 3693 547 3770 Compositos
568 3717 675 3758 manes
695 3699 784 3758 hilari
808 3700 924 3776 pietate
944 3697 1089 3756 colamus.
