3059 4492
635 501 788 596 Q

253 662 1169 750 Χρήματαχρήματ’ἀνὴρπενιχρδςδἔστούδέποτ’ἐσδλός.

253 747 380 813 Ψεύδεα
403 748 484 832 ῥινὸς
505 749 636 832 ῦπερδεν
659 753 770 834 ἀραιῆς
793 750 850 813 οῦκ
871 748 1033 833 ἀναφυσῶ.

247 830 325 916 Ὥρη
353 831 438 916 ἐρᾷν,
460 835 526 916 ὥρη
548 833 583 896 δὲ
607 840 729 918 γαμεῖν,
755 837 822 919 ὥρη
845 833 880 897 δὲ
901 835 1091 898 πεπαῦσθαι.

247 914 325 1000 Ὥρη
352 915 407 1000 μέν
431 941 478 980 τοι
501 918 744 1004 ἀπαμβλύνεται,
766 919 867 1002 βυμδς
892 919 927 981 δὲ
949 923 1084 1002 μενοινᾷ.

247 999 302 1070 ’Ὡς
323 1002 371 1064 ἀν’
397 1000 584 1086 ἐχινόποδας
605 1005 656 1067 καὶ
680 1003 739 1067 ἀνὰ
760 1007 906 1088 τρηχεῖαν
928 1003 1046 1066 ὄνωνιν.

163 1113 164 1118 ’
246 1085 303 1154 Ὣς
325 1085 415 1148 λύκοι
438 1085 515 1170 ἄρνα
538 1088 661 1171 φιλεῦσ’
687 1090 731 1155 ὣς
749 1089 847 1151 παῖδα
869 1090 1008 1171 φιλεῦσιν
1031 1086 1169 1170 ἐρασταί.

246 1169 302 1245 ,Ὣς
323 1171 358 1232 τδ
373 1171 427 1253 μὲν
446 1169 604 1254 ὠφέλιμον
616 1175 722 1249 καλὸν,
744 1174 778 1235 τδ
793 1172 825 1234 δ’
838 1171 1013 1257 ἐπιβλαβές,
1030 1169 1170 1257 αἰσχρόν.

247 1254 366 1338 Ὣσπερ
391 1255 602 1336 ἐλαιολόγυυς,
626 1262 672 1341 τῷ
691 1258 799 1340 μισθόν
822 1255 925 1340 ἔχοντι
944 1255 1083 1318 ἕπεσθαι.

249 1336 368 1422 Ὥσπερ
391 1337 563 1422 Χαλκιδικὴ
586 1340 707 1406 τέτοκεν
727 1342 801 1424 γυνὴ
825 1341 952 1410 εὔτονος
971 1343 1054 1423 ἡμῖν.

248 1423 369 1503 Ἀ[ι]δε
391 1423 429 1486 τά
449 1421 615 1507 Τελλῆνος.
637 1423 794 1489 Κονιεῖται
816 1427 890 1510 βοῦς
912 1423 966 1507 ἐφ)
989 1427 1102 1508 ἑαυτῷ.

251 1509 397 1588 Ἀ[ι]δειν
423 1509 634 1592 δωροδοκιστί.
658 1507 731 1573 Τόδ’
757 1508 872 1572 εἴσεται
891 1509 1023 1591 οὐδεμία
1042 1508 1085 1578 ῦς.

256 1595 293 1657 Αἱ
314 1593 442 1676 χάριτες
465 1595 585 1676 γυμναί.
610 1592 693 1662 Νοῦς
715 1594 773 1658 οῦκ
798 1593 842 1657 ἔνι
865 1591 1076 1676 Κενταύροισι.

257 1679 400 1760 Αἰγιαλῷ
420 1677 553 1741 λαλέειν.
576 1677 721 1762 Ποταμδς
745 1681 785 1762 μὴ
810 1677 891 1762 ἔριζε
910 1678 1067 1762 θαλάσση.

257 1764 324 1828 Αίεὶ
350 1763 377 1824 δ’
401 1762 420 1843 ἡ
444 1763 540 1848 Λιβύη
564 1786 591 1825 τι
608 1762 713 1826 κακόν.
740 1765 904 1832 Δεκάπους
924 1765 993 1826 σκιά
1014 1762 1113 1824 ἐστι..

255 1848 364 1914 Αἰετδς
384 1845 415 1906 ἐν
437 1845 613 1930 νεφέλῃσιν.
650 1845 742 1916 Ἔτος
765 1846 864 1933 φέρει,
888 1846 959 1933 ούχὶ
981 1847 1110 1931 ἄρουρα.

255 1931 392 1996 Αἰθίοπα
417 1932 555 2015 σμήχεις.
580 1929 626 1996 Οὐ
646 1933 869 2016 δωροδοκεῖται
891 1932 1029 2014 ἀλώπηξ.

255 2016 425 2080 Αἰκάλλειν
448 2014 559 2100 κέρκιρ.
582 2013 687 2080 Μανία
708 2017 735 2080 δ’
762 2015 799 2079 οῦ
820 2021 910 2079 πᾶσιν
931 2017 1035 2098 ύμοία.

255 2099 329 2183 Αἷμ’
355 2099 542 2164 Αἰσώπειον.
567 2099 667 2164 Πίνων
693 2101 763 2184 μέλι
784 2104 918 2182 γλαῦκος
940 2099 1062 2181 ἀνέστη.

256 2183 421 2254 Αἰξωνεύς.
437 2181 491 2247 Ἐν
514 2185 581 2269 ἀλιμ
603 2187 793 2268 δρασκάζεις.
809 2184 907 2268 Ἀέρα
926 2185 1035 2251 παίεις.

163 2309 164 2318 ¹
256 2269 394 2336 Αἰπόλος
416 2269 448 2332 ἐν
468 2269 613 2338 καύσωνι.
636 2267 741 2355 Κρίσις
756 2266 999 2352 Ῥαδαμάνθυος
1021 2268 1109 2351 αῦτη.

257 2353 325 2437 Αίρ’
349 2354 412 2416 ἀπδ
434 2359 487 2436 τῆς
508 2354 749 2439 καταδυομένης.
764 2351 803 2417 Ὃ
828 2353 950 2421 νεοττὸς
969 2352 1095 2436 Ἀρηος.

257 2437 418 2510 Ἀκκίίειν.
435 2439 533 2502 Ἀλλο
558 2439 652 2521 γλαῦξ
675 2439 851 2523 φθέγγεται,
872 2437 948 2500 ἄλλο
972 2439 1105 2521 κορώνη.

163 2601 164 2608 ¹
256 2523 355 2586 Ἀλλὰ
373 2523 449 2606 γύης
470 2523 555 2606 αὐτῷ
578 2523 635 2585 οῦκ
655 2522 728 2588 ἔστι.
752 2522 865 2606 [Ιαρὼν
889 2521 1070 2604 ἀποδημεῖς.

253 2609 353 2672 Ἀλλα
377 2609 456 2691 παρ’
475 2607 581 2675 ἀλλοις
598 2610 687 2672 καλά.
711 2605 840 2692 Κιχάνει
861 2628 909 2668 τοι
933 2605 1047 2689 βραδύς
1059 2604 1159 2673 ὠκύν.

254 2692 353 2756 Ἀλλὰ
372 2691 402 2756 τί
422 2693 546 2776 μηνύεις
567 2693 651 2754 κυσὶν
678 2692 801 2767 ύστέονς
826 2688 902 2754 Οὐδ’
928 2691 989 2752 ἀλα
1012 2691 1107 2774 δοίης.

252 2776 368 2841 Ἀλλαν
394 2777 466 2860 δρῦν
492 2777 645 2860 βαλάνιζε.
667 2774 775 2840 Κακοῦ
795 2775 929 2859 κόρακος
950 2777 1044 2838 κακδν
1068 2774 1142 2838 ὠόν.

254 2861 351 2924 Ἀλλο
375 2861 464 2942 γένος
483 2865 599 2944 κώπης.
620 2860 755 2942 Ἀγαδοί
776 2860 803 2922 δ’
829 2862 1013 2944 ἀριδάκρυες
1033 2859 1151 2942 ἀνδρες.

257 2944 542 3029 Ἀλλοπρόσαλλος.
566 2947 789 3028 Ἀτιμαγελεῐν.
804 2943 899 3012 Πόλις
912 2943 1009 3026 ἄνδρα
1026 2945 1171 3007 διδάσκει.

254 3031 378 3099 Ἀλλως
403 3032 451 3094 σοὶ
476 3031 560 3113 ύδιυρ
584 3031 790 3093 ἀναλίσκεται.
815 3026 860 3092 Οὐ
886 3030 970 3111 μάλα
992 3033 1106 3111 κυκᾷς.

255 3114 437 3201 Ἀμφιδέτῳ
458 3113 550 3183 ἔπιες.
572 3112 631 3178 Τὸν
658 3115 801 3197 σκορπίον
823 3114 888 3176 εἷλε
910 3115 1044 3195 κοριύνη.

256 3199 396 3284 Ἀνδρῶν
420 3201 533 3284 ἡρώων
556 3198 647 3262 τέκνα
668 3200 805 3282 πήματα.
825 3195 957 3281 Κύματα
979 3199 1107 3279 μετρεῖς.

257 3283 361 3369 Ἀνέρι
385 3283 507 3368 αύληιγῖ
526 3283 598 3352 νόος
620 3283 676 3349 ούκ
696 3282 750 3346 ἔνι.
770 3281 856 3347 Σῦκα
877 3281 1019 3365 μερίζειν.
1091 3362 1095 3366 ἢ

258 3367 422 3452 Ἀντιόπης
443 3367 646 3452 θρῆνος.·Χει
669 3369 772 3430 ιόσατο
798 3365 938 3450 Γοργόνα
960 3362 1107 3448 Περσεύς.

258 3451 395 3517 Ἀντλεῖν
418 3452 618 3537 ἀμφοτέραις.
642 3391 694 3535 βίη
719 3475 772 3536 μοι
794 3451 901 3598 βριιών.
920 3449 1014 3516 κακδς
1037 3447 1134 3532 ἰχθύς.

259 3535 395 3620 Ἀργεῖοι
418 3543 530 3622 φῦρες.
553 3535 715 3604 Βαλανεῦς
736 3535 774 3599 εἴ.
827 3535 938 3616 οσκίνιρ
960 3533 1088 3601 ἀντλεῖς.

259 3619 457 3706 Ἀργέλοφοι.
482 3620 662 3706 Παράκυψις
684 3620 768 3684 όνου.
794 3617 855 3682 Τδν
878 3616 1011 3681 κόλλοπ’
1026 3619 1153 3682 ἀνεῖναι.

260 3704 440 3790 Ἀρκαδικὸν
462 3708 633 3792 βλάστημα.
657 3703 730 3790 Πρὶν
752 3705 772 3788 ἢ
797 3704 927 3788 ὀπτῆσαι
950 3701 1078 3787 ἄλευρα.
1108 3749 1111 3753 «
