3059 4492
790 487 828 548 18

350 655 403 712 Ait
425 653 521 713 fuisse
541 653 677 732 litigator
697 657 848 732 optimus3

350 738 461 816 Neque
481 739 574 797 ullius
595 740 727 798 tribunal
751 743 876 800 arduum
899 741 960 799 fori

350 823 504 900 Nequisse
522 843 699 899 personare,
722 826 788 884 sive
811 825 929 904 legibus

352 909 440 987 Opus
463 910 541 967 foret
559 908 681 982 latrare,
705 910 771 969 sive
793 912 907 989 iurgiis.

351 995 392 1052 Et
412 994 467 1051 hoc
487 1002 577 1071 negat
598 1014 707 1054 severa
726 993 945 1072 Nittiobrigum

350 1078 473 1156 Negare
492 1086 591 1155 septa,
614 1081 845 1155 vasconumque
868 1081 978 1154 curias,

349 1165 503 1242 Aginnum
525 1164 627 1237 inune,
649 1163 892 1240 Condomumque
914 1165 1109 1241 inhospitum,

351 1249 543 1321 Lemovices,
565 1256 723 1324 trucesque
746 1249 948 1328 Petregorios.

350 1334 412 1394 Ubi
432 1334 492 1392 iste
515 1342 583 1409 post
603 1335 748 1411 magirus,
774 1343 863 1392 autea
884 1335 941 1392 fuit

351 1419 492 1477 Lauerna
512 1418 598 1490 iuris,
620 1425 650 1476 et
668 1428 815 1495 patronus
837 1420 868 1477 in
888 1419 956 1478 foro

351 1504 505 1578 Loquente
525 1521 618 1580 saepe
639 1523 713 1562 voce
732 1505 860 1581 prodidit
878 1524 959 1564 reos.

351 1587 489 1647 cadurco
511 1589 628 1660 rabula,
650 1598 679 1645 et
702 1589 814 1648 Tolosa
833 1598 1004 1661 contumax,

351 1674 422 1731 Tibi
442 1673 516 1730 haec
534 1672 631 1732 fuisse
653 1680 683 1730 et
701 1693 771 1732 esse
793 1675 1002 1752 cognitissima
1111 1714 1114 1719 -

350 1758 403 1816 Ait
423 1757 574 1834 maginust
595 1757 701 1815 ultima
723 1779 761 1815 ex
781 1759 894 1836 origine

351 1842 427 1900 Tuis
444 1860 587 1918 crepasse
607 1843 674 1900 iura
698 1843 770 1901 dicit
788 1845 821 1901 in
844 1845 972 1916 scholis,

351 1926 420 1984 Tua
436 1927 593 1986 intonasse
613 1927 731 2004 legibus
755 1928 879 1987 sedilia:

350 2013 390 2071 Et
410 2011 482 2070 inde
506 2012 597 2071 surde
620 2034 676 2089 per
693 2020 739 2071 tot
761 2015 878 2072 urbium
900 2014 969 2074 fora

351 2095 469 2173 stipem
490 2097 657 2170 extudisse,
680 2097 770 2156 laeva
791 2099 855 2158 sive
880 2100 1006 2157 dextera

343 2182 488 2259 ‹Rogaret
507 2202 589 2255 aera,
613 2184 677 2241 sive
698 2191 854 2259 utramque
877 2183 1016 2260 pluscula

350 2266 485 2324 Pecunia
505 2275 647 2344 gravaret
663 2269 817 2345 improbus
839 2289 971 2328 manum.

350 2351 458 2426 Neque
483 2351 547 2408 ulle
565 2361 638 2410 vota
658 2353 822 2414 curialibus
842 2355 907 2414 deis

351 2434 417 2496 Sibi
440 2455 509 2494 esse
529 2436 621 2509 iacta,
641 2457 707 2494 cum
730 2438 842 2496 rediret
863 2458 881 2496 a
902 2440 965 2498 foro

293 2558 296 2567 ν
352 2521 488 2580 Onustus
512 2540 582 2578 aere
605 2522 741 2596 adusque
760 2524 913 2600 propriam
939 2524 1067 2582 domum.

331 2604 412 2665 ·Sed
431 2606 508 2662 haec
525 2606 610 2682 prius
631 2609 728 2664 fuere:
750 2627 829 2665 nunc
849 2609 962 2666 cibaris.

350 2689 467 2766 Ligurit
489 2698 589 2763 uncta,
614 2710 705 2766 seque
726 2691 845 2750 dedicat
866 2694 921 2752 tibi

352 2773 463 2833 Culina
480 2774 575 2848 dives,
599 2784 630 2833 et
649 2777 749 2834 culina
771 2777 881 2840 divitis.
899 2805 903 2812 ·

667 2946 713 3003 11.
759 2949 797 3004 In
819 2947 962 3004 eundem(

349 3028 440 3087 Nunc
460 3028 538 3088 ollas
561 3039 684 3103 mactas,
708 3031 844 3090 tractasti
865 3032 961 3109 iurgia
981 3030 1148 3105 quondam:

350 3115 422 3172 Iura
439 3114 519 3172 idem
546 3114 651 3173 solitus
674 3116 814 3189 vendere,
837 3117 904 3174 iura
926 3117 1039 3194 coquis.

426 3283 473 3341 12.
517 3287 556 3341 In
577 3286 694 3342 citatum
715 3289 858 3360 quendam
879 3307 937 3344 non
957 3291 1181 3364 respondentem.

349 3366 533 3444 Proscripsit
553 3376 605 3427 tua
627 3377 726 3444 teque,
745 3372 824 3446 quod
846 3371 954 3430 citatus

349 3451 419 3509 Non
437 3454 643 3529 responderis,
665 3455 795 3532 optimus
818 3455 958 3516 Senatus.

349 3534 419 3593 Non
438 3539 518 3596 assis
537 3540 629 3610 facis3
653 3547 682 3596 et
701 3560 823 3618 gravem
843 3539 991 3598 tremendi

350 3621 462 3698 Legem
485 3624 637 3696 carminis,
661 3643 697 3682 ac
715 3645 823 3684 severa
842 3625 927 3684 iussa

350 3707 481 3766 Tantum
500 3708 592 3766 verba
611 3717 715 3786 putas:
739 3718 828 3770 notas
849 3708 983 3779 honoris,
