3059 4492
651 460 804 559 Q

512 621 551 688 El
570 626 622 688 καὶ
644 624 802 708 τηλοτέρω
823 622 957 706 Μερόης.
1053 618 1055 625 ’
1087 627 1183 710 (Uti)

267 715 315 775 Tu
338 715 410 772 licet
429 713 557 772 ulterius
577 714 704 772 Meroen
726 713 857 792 vestigia
874 714 967 790 figas:
1166 755 1172 760 ,

308 799 389 858 Illuc
409 799 568 876 pinnigero
587 806 691 858 vectus
713 801 828 857 Amore
849 798 951 862 ferar„

267 885 379 961 Tuque
399 891 487 960 petas
511 891 607 956 ortus,
626 902 703 959 quos
726 883 873 944 concolor
889 882 985 941 inficit
1006 883 1080 954 Eos,

308 968 484 1028 Immodieis
502 969 611 1045 'spatiis
635 969 683 1026 vel
703 969 798 1044 pedes
820 987 916 1042 usque
936 986 1055 1042 sequar.
1160 1010 1162 1015 -

266 1053 336 1114 Nee
357 1055 458 1113 minus
481 1054 550 1126 hoc,
570 1053 652 1128 quod
677 1054 725 1124 du,
747 1053 835 1113 nobis
857 1053 979 1130 plaeere
1000 1053 1117 1110 marino

308 1141 453 1198 Munere:
476 1157 607 1215 namque
631 1139 688 1197 tibi
708 1140 763 1196 hoe
783 1139 843 1196 fert
866 1139 970 1198 Venus
988 1146 1054 1196 orta
1072 1137 1163 1197 mari:

267 1224 354 1298 Quae
375 1225 495 1296 abiecit,
517 1242 713 1298 quaeeunque
733 1223 791 1280 fuit
811 1223 921 1282 fiducia
943 1223 1074 1282 formae:

309 1313 412 1384 Atque
433 1310 533 1368 nitore
553 1315 603 1369 tuo
627 1309 678 1368 dat
700 1308 754 1368 tibi
776 1308 856 1366 victa
877 1327 995 1367 manus.

519 1471 711 1557 Ὀφθαλμοὶ,
733 1474 785 1536 τέο
810 1472 925 1557 μέχρις.
1089 1477 1183 1557 (ms)

268 1564 353 1641 Quis
370 1562 486 1634 modus,
510 1582 528 1621 ο
552 1562 643 1635 oculi,
666 1564 796 1622 ducendi
817 1568 921 1620 nectar
941 1564 1087 1622 Amorum

311 1643 390 1708 (lum
409 1646 527 1706 formae
548 1647 615 1707 sitis
642 1657 689 1706 est
710 1649 794 1707 ebria
812 1649 888 1707 flore
910 1647 1018 1705 mero?

266 1735 317 1794 Ah
328 1733 439 1810 procul
450 1732 583 1809 aufugite
595 1733 665 1790 hine
674 1741 819 1807 quantum
828 1741 910 1809 pote.
922 1731 1048 1809 Cypridi
1059 1741 1183 1794 sanetae

311 1817 493 1893 Tranquillo
514 1818 624 1876 faciam
646 1819 746 1876 sobria
768 1837 856 1878 saera
874 1819 960 1875 mari.

267 1905 323 1968 Sin
341 1902 405 1961 illie
425 1903 508 1961 furor
526 1903 564 1975 is,
588 1904 615 1962 si
636 1923 685 1961 me
706 1903 789 1962 furor
808 1904 836 1960 is
859 1909 961 1960 manet
981 1901 1055 1975 illie,
1129 1966 1132 1971 Δ

309 1990 498 2065 Perpetuum
517 1989 630 2048 madidi
649 1989 771 2048 fletibus
793 1995 857 2046 este
877 1987 965 2059 meis,

267 2075 432 2137 Solventes
453 2092 571 2150 poenas
591 2075 697 2131 merito
716 2093 773 2150 pro
793 2071 929 2145 erimine,
954 2072 1076 2147 quaudo
1115 2094 1121 2107 ¹

312 2161 363 2220 Ob
383 2177 438 2218 vos
458 2159 490 2216 in
514 2166 629 2216 tantum
650 2158 896 2234 crevimusiguis
917 2175 1003 2234 opus.

537 2321 722 2407 Ἱππομένην
746 2322 909 2407 φιλέουσα.
1088 2324 1183 2406 ((59)

266 2413 496 2491 Hippomenem
513 2411 671 2472 ardebam:
687 2413 719 2470 in
732 2420 868 2470 tenerum
882 2429 968 2469 mens
982 2429 1072 2470 versa
1082 2411 1183 2470 Lean·

515 2551 519 2565 ,
929 2495 1014 2555 dnum
1036 2505 1091 2555 est

310 2584 349 2641 In
368 2581 463 2640 labris
486 2581 615 2640 haerens
634 2583 709 2654 fixa,
731 2581 882 2654 Leandre,
908 2581 980 2652 tuis,

267 2668 428 2729 Xanthum
440 2675 540 2724 mente
553 2686 637 2744 gero.
659 2667 815 2728 Xanthum
831 2667 993 2743 complexa
1003 2664 1183 2753 fovensque,

311 2752 534 2829 Hippomenem
556 2751 659 2810 reduci
681 2752 803 2828 perdita
823 2752 914 2811 eorde
935 2758 1016 2827 peto.

267 2839 470 2899 Praesentem
491 2837 582 2916 fugio.
608 2835 659 2898 sic
680 2837 863 2896 alternantia
884 2855 1005 2913 semper

312 2927 414 2998 Atque
434 2922 526 2981 alium
548 2931 638 2998 atque
660 2922 752 2980 alium
775 2923 898 2981 brachia
918 2928 1025 2980 nostra
1046 2921 1143 2978 virum

268 3009 375 3068 Ditem
387 3008 505 3068 inhiant
516 3008 675 3067 Venerem.
693 3005 779 3080 Quod
791 3007 819 3066 si
828 3027 888 3081 qua
900 3006 975 3064 mihi
984 3005 1090 3064 obiicit
1097 3004 1184 3074 illud,

312 3093 450 3152 Haereat
470 3093 547 3150 haec
569 3094 623 3150 uni
641 3111 759 3169 pauper
780 3092 932 3168 inopsque
956 3091 1032 3154 viro.
1130 3149 1134 3155 ,

536 3254 538 3258 ’
594 3255 637 3320 Τὸ
662 3255 760 3338 στόμα
778 3259 852 3324 ταῖς.
1089 3258 1185 3336 t(60)

269 3349 318 3409 Os
342 3345 498 3408 Charitum
518 3347 682 3417 illecebris,
701 3353 733 3402 at
754 3344 887 3404 frontem
908 3344 1034 3404 floribus
1059 3363 1163 3404 ornas.

312 3433 474 3492 Exornant
495 3432 632 3490 Veneres
651 3429 778 3502 lumina,
802 3429 915 3504 plectra
936 3448 1069 3492 manum.

268 3519 435 3578 Praedaris
457 3519 542 3578 visus
566 3517 675 3589 oeulis,
696 3515 869 3574 accentibus
891 3518 996 3586 aures3

314 3602 450 3662 Venatur
469 3603 595 3662 iuvenes
618 3619 689 3678 pars
711 3609 922 3676 quotacunque
941 3600 1007 3659 tui?
