3059 4492
745 495 895 590 3⁷}-

368 664 464 742 ιρι)
743 660 897 744 niobae

367 751 417 810 Me
439 748 538 808 verbis
561 747 689 808 Galatea
708 749 798 808 mulio
818 748 957 819 incessit,
980 755 1013 805 ut
1035 748 1068 806 iu
1087 767 1136 806 me
1204 750 1278 829 [cti]

410 834 535 912 Impulit
557 834 650 892 iratae
673 853 800 908 vespere
822 852 916 892 saeva
933 833 1029 892 fores.

367 920 438 979 Hoc
457 920 565 979 scitum
586 918 699 977 frustra
720 926 778 991 ost,
800 918 916 976 Iniuria
938 918 1032 976 soluit
1056 936 1193 978 amores:

409 1003 492 1064 Nam
512 1003 599 1062 furiis
622 1003 762 1063 stimulos
787 1002 909 1062 subiicit
929 1002 984 1061 ille
1006 1003 1094 1062 meis.

367 1091 488 1151 Annum
510 1089 625 1148 iuratus
647 1088 710 1146 dixi
731 1087 838 1164 procul
860 1088 965 1146 abfore
984 1088 1022 1145 ab
1042 1087 1112 1158 illa;

409 1177 478 1248 Ast,
500 1174 578 1250 proh
600 1174 641 1246 di,
664 1174 763 1250 primo
788 1174 864 1231 hauc
885 1191 974 1231 mane
996 1181 1137 1249 precator
1159 1173 1219 1234 adi.

370 1344 466 1421 (05)
555 1345 557 1352 ’
612 1336 657 1402 Ἦ
679 1341 731 1404 σὸν
752 1336 797 1400 ἔτι
819 1337 1028 1422 φθινρπωρον.

368 1431 410 1489 Et
430 1438 499 1487 tuus
522 1430 692 1486 Autumnus
714 1426 808 1484 alieni
821 1425 910 1485 Veris
933 1427 1079 1500 honores,

410 1517 553 1573 Aestates
572 1513 648 1571 alias
671 1520 701 1570 et
720 1519 771 1568 tua
790 1510 883 1570 vincit
902 1511 1022 1571 Hiems.

371 1683 467 1759 ζ(46)
594 1673 797 1760 Κεκρύφαλοι
818 1676 979 1760 οφίγγουσι
996 1676 1079 1757 τεὴν.

369 1766 509 1828 Reticulo
532 1764 623 1822 crinis
646 1763 792 1841 premitur
811 1765 886 1824 tibi?
903 1765 1039 1823 Differor
1057 1771 1155 1822 aestu.

411 1852 497 1911 Haeo
517 1850 591 1908 mihi
614 1850 780 1926 turrigerae
800 1849 898 1908 forma
919 1849 1038 1908 uidetur
1060 1849 1149 1926 Opis.

369 1937 517 1996 Intectum
539 1943 628 2011 caput
650 1934 717 1993 est?
739 1935 873 1992 Mentem
893 1936 968 1994 mihi
987 1934 1123 1993 funditus
1148 1953 1268 1993 omnem
1359 1936 1360 1941 ’

412 2021 536 2081 Excutit
556 2039 596 2077 ex
613 2027 679 2079 toto
701 2028 826 2095 pectore
844 2021 922 2079 flava
943 2038 1040 2079 coma.

369 2107 448 2166 Vela
468 2107 522 2164 tibi
543 2105 677 2163 condunt
697 2122 868 2181 suspensos
894 2105 1020 2162 candida
1038 2103 1157 2162 cirros?

412 2190 519 2250 Nihilo
539 2190 710 2268 languidior
730 2207 784 2248 cor
805 2190 879 2246 mihi
899 2191 1021 2248 flamma
1043 2188 1154 2263 coquit.

371 2278 448 2336 Tres
471 2277 591 2335 formas
611 2276 703 2350 stipat
722 2273 877 2334 Charitum
898 2274 1100 2350 pulcherrima
1120 2273 1210 2351 triga.

411 2366 440 2419 A
460 2361 586 2420 totidem
608 2359 715 2418 formis
737 2359 859 2437 singula
879 2361 1000 2418 flamma
1022 2359 1098 2417 fluit.

372 2529 468 2607 ζ(47)
602 2524 680 2601 osu,
705 2530 764 2609 φεῦ
787 2526 839 2588 καὶ
863 2528 897 2589 τὸ
922 2527 1057 2609 λάλημα.

369 2614 454 2673 Proh
474 2611 573 2686 dolor,
596 2613 820 2689 alloquiumque
843 2621 874 2672 et
893 2615 993 2673 visum
1010 2615 1091 2674 livor
1111 2613 1237 2685 ademit,

413 2697 510 2756 Tecta
532 2698 695 2774 supercilio
716 2699 809 2757 verba
828 2699 971 2774 loquente
992 2717 1056 2760 sua.

370 2781 439 2842 Nos
460 2790 574 2841 stantes
596 2783 720 2859 propius
741 2791 832 2842 nutus
855 2784 998 2843 miramur
1016 2784 1124 2857 aniles,

414 2867 543 2926 Lumina
561 2875 594 2924 ut
612 2868 776 2927 lnachidos
794 2868 890 2929 multa
908 2869 1037 2928 bubulce
1058 2877 1117 2927 tua.

372 2951 439 3022 Sta:
462 2953 717 3029 circumspectans
739 2954 882 3012 observa:
906 2956 1025 3032 ringere
1045 2956 1167 3016 busur.

413 3038 584 3113 Explorare
604 3038 700 3098 oculis
723 3039 829 3097 intima
851 3048 958 3100 nostra
978 3041 1094 3116 nequis.

373 3207 468 3284 (018)
664 3203 779 3288 Ἀνέρα
802 3209 977 3288 λυσσητῆρι.

372 3292 588 3367 Quemcunque
608 3293 735 3370 appetiit
752 3294 874 3354 rabidae
896 3294 981 3353 canis
999 3313 1068 3353 acre
1090 3312 1262 3362 venenum3

415 3376 474 3434 Hic
491 3377 573 3436 videt
594 3379 627 3437 in
649 3379 757 3438 mediis
777 3387 895 3456 spectra
917 3380 1024 3438 canina
1044 3379 1141 3438 vadis.

371 3462 491 3521 Forsan
514 3470 544 3520 et
563 3464 688 3542 infregit
704 3466 868 3542 genuinum
889 3465 1021 3540 percitus
1041 3465 1073 3522 in
1094 3483 1154 3536 me,

416 3544 563 3607 Sensibus
586 3556 616 3606 et
634 3550 708 3608 totis
728 3569 778 3607 me
799 3550 944 3627 spoliavit
963 3553 1067 3610 Amor.

372 3626 454 3686 Nam
471 3631 545 3686 mihi
566 3634 650 3692 salsa
669 3642 738 3692 tuos
761 3636 896 3693 referunt
917 3634 1010 3694 maris
1024 3653 1157 3709 aequora
1169 3631 1286 3699 vultus,

414 3711 622 3790 Fluminaque,
646 3725 675 3776 et
695 3719 775 3778 dulci
791 3719 902 3796 pocula
921 3719 1011 3796 plens
1033 3737 1128 3778 mero.
