3059 4492
167 631 169 678 7
271 641 522 723 616661616
507 669 549 715 ως
559 647 929 732 καλωςκυοτηςίθυνθη
930 650 1185 756 εύγμαγερύρης,

310 729 417 815 κᾷστιν
437 695 509 800 ὁδὸς
528 735 659 842 συνεχὴς
680 734 700 816 6
718 754 793 795 ποτε
818 733 1001 841 ῥηγνυμένη.

249 795 432 902 ,στείβομεν
455 817 658 901 ἀσφαλέως
646 842 685 880 υπ
668 817 847 900 πονεύμενον
870 815 983 924 ἴχνεσιν
1006 818 1110 902 οἶδμα,

310 901 364 963 καὶ
389 905 545 1005 66666666
570 903 652 985 6666
675 901 886 984 λεύσσομεν
869 903 1024 966 ασπάσιοι.

272 985 398 1092 ῥηιδίως
418 985 566 1069 στείχοιτε
585 987 697 1070 πρὸς
685 990 771 1068 υμῶν
793 987 910 1070 χάρμα,
929 983 1069 1070 Κυρῖται,

311 1071 364 1132 καὶ
386 1066 512 1152 Ναρσῆν
534 1071 670 1154 κροτέων
689 1069 768 1155 ἦχος
789 1069 976 1154 ὑποψοφέοι.

272 1152 304 1222 δς
328 1152 456 1216 Γύτθων
482 1155 743 1238 σιρριχύωντας
716 1155 774 1217 ὑπὸ
800 1155 929 1259 ζυγὸν
910 1178 969 1238 ηκε
987 1155 1172 1239 τραχήλους,

313 1236 404 1306 οὖτος
424 1238 475 1300 καὶ
497 1240 657 1324 ποταμούς
675 1236 818 1322 ζεύχος”
801 1261 905 1300 επεισε
929 1238 1005 1323 φέρε
1008 1262 1044 1302 ιν.

270 1409 299 1482 2
308 1409 359 1470 59
382 1403 483 1490 Μίκκη
501 1407 573 1490 666.
592 1431 619 1470 τι
614 1406 719 1470 ’πέλω
735 1407 781 1483 δὲ,
798 1406 929 1513 βλέπεις,
943 1407 1049 1512 μιαρός
1069 1409 1183 1470 εἰλαπι-

313 1490 449 1558 060<ss
433 1513 527 1554 ανακτ
517 1491 657 1597 ύρεοντ
641 1495 691 1556 τδν
712 1453 808 1553 θύλθν
829 1489 952 1554 ἔνθεν
939 1497 1024 1576 οράς.
1089 1494 1183 1572 [νάων

271 1574 414 1649 ἀνάπεσ’,
439 1575 631 1652 οἰνοπύταζε,
647 1574 743 1677 66666
767 1575 856 1660 λαβέ,
879 1577 965 1680 χρίερ
990 1577 1132 1661 νάρδιρ.

313 1660 407 1727 αὐτὸς
426 1662 588 1744 μιμνήσκει
608 1665 662 1727 τοῦ
686 1659 784 1722 θανά·
775 1682 822 1722 ου
847 1683 881 1723 σε
903 1659 985 1730 θεός

273 1834 357 1907 1,θῖ.
382 1826 413 1888 ἐν
436 1830 540 1911 πολλῇ
558 1851 642 1890 τιονει
664 1853 682 1910 6
709 1829 783 1911 στοὴ
805 1829 931 1913 ῥιφεῖσα

378 1915 493 1996 μακρὸν
517 1914 631 1996 ρυσμδν
618 1913 797 2016 νέρειπιων
819 1914 951 1976 ἀπλῶσα

376 1997 457 2081 ποίῳ
479 2000 619 2078 πτώματι
640 2002 739 2145 κεὸῖται
761 1997 921 2080 ἠμύουσα;

379 2082 479 2165 ἀκμὴν
501 2084 603 2144 ταῖσδ’
628 2083 667 2143 ὑπ
670 2078 917 2184 δῬῄχολος
886 2081 1025 2166 στέχῃσιν

378 2167 495 2250 αἰώρης
521 2165 673 2234 ἐλάσας
656 2189 741 2269 οχημ
748 2165 906 2248 ἀπῆλθε

378 2249 527 2364 βρίθειδ
552 2249 769 2356 ἀχθομένχε
736 2251 770 2312 δε
761 2249 927 2356 ’δορπεν
906 2271 1006 2356 αρνω.

377 2359 401 2420 χ
437 2339 489 2410 ὡς,
514 2335 641 2418 μηδὲν
632 2335 701 2417 περὶ
724 2336 790 2397 δε.
743 2333 858 2418 εσπύτρ
879 2334 1056 2428 τρέουσα

378 2422 494 2482 πτώσει
538 2442 622 2500 ριπεν
646 2419 790 2502 ἀσφαλὴς
812 2420 921 2525 ἀιθιύιρζ

376 2419 664 2612 προορωῖλέήγυλε,
684 2504 826 2566 κινδύνου
852 2503 921 2585 μέτ’
943 2502 1032 2566 αἶσαν

376 2611 419 2657 τις
441 2613 457 2650 σ
493 2587 550 2650 οὐκ
576 2588 798 2651 ἀθανάτων
761 2587 885 2672 μέλημα
908 2589 995 2672 ραίη,

377 2677 491 2741 πτῶσις
513 2672 549 2735 ού
572 2675 660 2757 χάριν
688 2673 828 2756 ἀβλαβὴς
849 2652 982 2758 ἐτύχθης

275 2843 360 2917 1,.12
384 2837 531 2945 ᾔτρίβος
553 2842 631 2908 εἰς
619 2841 775 2924 μυχράς
760 2838 993 2925 τείνειΤείβουρ
997 2862 1030 2908 ος
1052 2839 1185 2922 ἐρίπνας,

313 2927 459 2989 λευκα
431 2949 447 2986 τ
484 2925 648 3034 ἀναβλύζει
671 2927 792 3007 νάματα
814 2926 985 3027 θειοβαφῆ,

272 3009 403 3074 ἐνθα’
369 3032 446 3093 χυας
472 3009 629 3116 ἱερὰς,
589 3011 640 3073 καὶ
661 3008 796 3072 Μουσῶν
818 3011 941 3072 δάσκιον
965 3008 1059 3075 ἄλσος

313 3099 442 3180 σημεῖον
463 3094 629 3163 πολεως
608 3119 628 3158 α
597 3118 684 3242 (χ
703 3092 847 3177 τέταρτον
872 3092 949 3179 ἔχει.

271 3181 346 3284 τρδε
369 3179 481 3264 θέρευς
505 3179 684 3262 σκιεράςδ
688 3188 742 3263 ρας
766 3177 900 3242 αἴθουσα
922 3182 1080 3261 παρεῖχεν,

312 3266 473 3370 ἡμικρού
486 3269 584 3326 ποιεῖν
608 3202 703 3366 τλῆρέ
713 3263 900 3368 νεοχμὸν
880 3285 962 3345 αγος.
1116 3259 1185 3344 [ἥδ]

271 3347 379 3432 ἤριπεν
405 3347 549 3432 ἐξαίφνης
571 3349 675 3432 χάρ,
664 3347 832 3429 υπύστεχος
853 3346 921 3410 εὖτε
907 3345 981 3408 δί’
1008 3343 1102 3428 αὐτῆς

310 3430 369 3517 P6
392 3435 464 3500 υλος
485 3431 662 3500 ἐξελάων
644 3455 700 3516 ηχε
723 3431 885 3495 δύ”ίππον
866 3455 951 3516 οχον.

269 3516 290 3602 6
315 3518 356 3602 66
372 3456 477 3623 ἶΓύχη
491 3523 618 3620 μομφῆς
638 3519 726 3598 ἡμῶν
752 3515 869 3600 φθόνον
892 3515 949 3578 υύιι
970 3513 1179 3597 ἀνέμεινε[,]

313 3624 489 3664 τοσσατιοιο
515 3600 630 3684 μύσους
652 3601 745 3685 άχθεϊ
768 3599 947 3704 βριθομένη

269 3687 307 3751 τὰ
330 3688 431 3773 βλάβη
453 3687 599 3771 ὠφελέει,
624 3692 678 3751 τοῦ
701 3685 840 3748 κινδύνου
867 3685 945 3746 ἐστὶν
971 3683 1111 3748 ὄνασθαι.
