3059 4492
674 483 676 490 ¹
719 481 870 574 ,εν-ι.

342 641 393 713 ΙΕ.
428 641 466 707 Εἰ
491 645 525 707 σὺ
549 645 580 707 ἐν
603 645 684 728 αίτίφ
704 644 782 720 ἐσσὶ,
800 645 830 707 τί
844 644 930 726 θύμα
948 643 1039 705 θάνοι
1062 649 1116 707 σεύ
1132 645 1237 728 έκητι;

427 727 538 792 Σκαιδν
555 729 585 792 ἐν
601 731 754 814 ἀλλοτρίῳ
767 730 892 813 θανάτῳ
904 727 972 813 βίου
984 727 1085 790 ἐλπίδ’
1102 731 1256 794 ἀνάπτειν.

282 867 283 875 ,
342 812 384 885 Ις.
426 809 500 895 Είγε
524 813 617 897 φιλονΙ
634 814 700 876 τινά
723 837 771 876 σοι
794 817 903 897 ζητεῖς,
923 813 942 894 ἢ
966 813 1070 874 πιστὸν
1095 814 1231 897 ἑταῖρον,

428 896 509 984 Οὐχί
523 898 630 1000 τύχην,
649 900 765 980 μάλλον
780 899 811 960 δ’
827 898 923 960 αὐτοῦ
936 896 1001 982 βίον
1012 897 1122 1004 ἀνδρὸς
1134 898 1257 982 ἐρεύνα.
1363 872 1364 933 3

342 981 391 1049 lZ.
428 979 497 1045 Τῶν
510 1005 623 1044 σαυτου
641 984 774 1045 κτεάνων
787 980 822 1045 εὖ
835 984 976 1066 πάσχειν,
991 981 1052 1064 μήδ
1077 979 1131 1044 ἔσο
1144 983 1257 1069 κίμβιξ.

428 1064 481 1134 Τίς
495 1067 636 1150 προκοπή
650 1065 809 1143 πλούτοιο,
823 1063 1030 1148 πενητεύοντά
1046 1088 1079 1126 σε
1097 1069 1258 1145 πλουτεῖν;

321 1149 395 1215 ·ΙΗ.
419 1149 478 1214 Ἢν
502 1155 603 1235 τηρεῖν
629 1150 788 1234 ἐθέλησθα
811 1151 861 1214 διὰ
886 1155 969 1234 ζωής
990 1147 1082 1218 κλέος
1104 1150 1230 1230 έσθλδν,

323 1286 325 1291 .
428 1236 532 1316 Φεύγε
552 1235 625 1298 νόου
647 1238 815 1318 φυλακαῖσι
828 1235 896 1320 βίου
909 1233 1087 1319 κακόχαρτα
1099 1234 1242 1321 δέλετρα.

343 1318 394 1384 ΙΘ.
425 1319 597 1404 Ἀρτίφρων
617 1319 752 1382 τελέθων
778 1323 819 1405 μὴ
845 1321 882 1402 δὴ
903 1319 1038 1402 χλεύαζε
1057 1321 1090 1381 τδ
1111 1325 1220 1404 γῆρας.

427 1402 599 1488 Νηπιαχῶς
614 1404 739 1487 φρονέει
750 1405 820 1488 γάρ,
836 1405 897 1472 ότις
911 1403 1020 1487 μέτρον
1030 1403 1111 1466 ἵκετο
1127 1408 1242 1510 γήρως.

343 1486 382 1552 K.
428 1487 585 1573 Τεχνίδιον
610 1489 637 1549 τὶ
660 1489 780 1571 μάθοις,
801 1495 856 1572 τῆς
874 1489 1017 1571 εὐτυχίης
1035 1488 1064 1569 γ’
1087 1489 1241 1574 ἀπιουσης

424 1573 530 1656 Ἀνδρὶ
544 1571 639 1654 μένει,
653 1573 703 1634 καὶ
721 1576 821 1644 ζῶντα
832 1575 865 1636 τδ
884 1572 1002 1657 τεχνίον
1016 1573 1073 1635 οὐκ
1084 1572 1258 1648 ἀπολείπει.

343 1653 518 1720 ΚΑ.“Ἀττα
540 1656 623 1738 λέγει
643 1679 689 1718 τοι
712 1658 849 1733 ἕκαστος,
872 1658 948 1740 ἀκὴν
972 1658 1117 1742 βασάνιζε
1144 1665 1258 1743 σιωπή.

423 1740 525 1804 Ἤθεα
547 1742 604 1825 γάρ
621 1740 764 1824 μερόπων
778 1743 883 1805 κεύθει
897 1740 998 1822 λόγος,
1009 1740 1063 1824 ἥδ’
1074 1743 1257 1826 άπογυμνοῖ.

343 1823 411 1891 ΚΒ.
422 1823 530 1889 ’Άσκει
551 1827 604 1909 τήν
633 1825 774 1908 μελέτην,
797 1829 824 1889 εί
844 1827 896 1889 καὶ
917 1825 1026 1910 τέχνην
1050 1827 1139 1889 ἐδιδά
1162 1828 1230 1911 θης.

425 1909 465 1974 Ἡ
487 1909 598 1994 μελέτη
623 1911 673 1972 τὸν
698 1916 781 1987 νούν,
808 1913 876 1996 χεὶρ
899 1912 952 1994 τὴν
977 1909 1104 1994 ἄσκησιν
1129 1851 1238 1982 ἐθίζει.

343 1991 407 2059 ΚΓ.
427 1994 480 2077 Μὴ
501 1994 630 2076 πότμοιο
656 1996 788 2078 μερίμνα
816 1994 1038 2080 ἐπερχομένοιο
1062 1997 1221 2079 τελευτήν.

430 2076 475 2144 Ού
498 2080 622 2162 τρομέει
641 2081 694 2162 τήν
719 2085 829 2162 μοῖραν
853 2082 869 2142 ό
893 2081 946 2163 τήν
969 2080 1052 2160 ζωὴν
1075 2080 1242 2163 ἀθερίζων.

344 2159 409 2226 ΚΔ.
427 2162 572 2227 Μοίνθαν’
597 2162 652 2226 ἀπ’
678 2165 852 2249 ἐμπείρων,
876 2163 912 2227 σὺ
937 2165 971 2225 δὲ
991 2164 1138 2247 ἀπείρους
1162 2165 1262 2228 ἐσθλά

954 2248 1022 2310 δίδα
1041 2271 1085 2310 ον.

427 2330 567 2396 Ἐσθλῶν
588 2332 645 2416 γάρ
670 2334 799 2418 διδαχὴν
822 2335 866 2401 εἰς
881 2332 1016 2400 πολλοὺς
1026 2247 1260 2396 θεῖδιαδοῦναι.

344 2413 408 2480 ΚΕ.
428 2417 502 2480 Πῖνε
524 2419 557 2480 τδ
583 2415 692 2501 μέτρον
717 2423 784 2497 σού,
809 2417 840 2481 εί
853 2441 901 2480 σοι
914 2418 1003 2501 φιλον
1017 2415 1087 2478 ἔσθ’
1102 2418 1260 2513 ὑγιαίνειν.
1363 2428 1364 2495 g

425 2500 466 2564 ‘H
488 2502 544 2585 γὰρ
569 2501 643 2583 ἄγαν
659 2504 798 2584 σπατάλη
814 2505 926 2585 λυγρῆς
939 2501 1032 2566 νόσου
1048 2501 1143 2564 αἴτιον
1169 2503 1261 2565 ἐστίν.
1363 2525 1364 2556 ι

344 2582 401 2654 Κς.
418 2581 506 2651 (Ὀττι
526 2609 583 2669 περ
606 2587 745 2669 αἰνήσαις
763 2589 964 2662 κατενώπιον,
986 2586 1005 2668 ή
1030 2587 1223 2669 δοκιμάσαις,

429 2669 481 2752 Μὴ
505 2671 581 2756 τῷδ’
606 2671 765 2754 εὐχερίησι
787 2671 866 2733 νόου
881 2673 955 2733 πάλι
977 2674 1084 2753 μῶμον
1109 2671 1242 2756 ἀνάψης.

343 2752 408 2817 ΚΖ.
426 2752 591 2839 Εὐτυχέων
618 2757 652 2816 τὸ
674 2755 770 2837 τύχης
791 2755 823 2822 ἐς
845 2755 980 2818 ἐναντίον
1004 2755 1137 2823 ἀσταθὲς
1157 2755 1259 2838 ἄθρει.

429 2839 613 2922 Δυστυχέων
630 2841 664 2901 δὲ
675 2841 764 2901 πάλιν
778 2841 848 2922 περὶ
856 2846 912 2903 σού
922 2844 1006 2924 σχεῖν
1013 2839 1116 2901 ἐλπίδ’
1127 2841 1259 2924 ἀμείνω.
1363 2826 1364 2919 J

343 2921 412 2987 KH.
426 2922 574 3026 Μάνθογνε
588 2925 629 3008 μὴ
642 2925 753 3008 λήγων.
773 2923 884 3007 μελέτη
899 2924 1009 3029 σοφίην
1026 2921 1101 3005 μάλ’
1118 2923 1259 3007 ὀφέλλει.

427 3006 541 3092 Μακρη
563 3009 620 3093 γὰρ
633 3009 723 3091 πείρη
738 3009 873 3076 σπανίως
890 3032 1002 3093 χρονος
1014 3007 1112 3091 ἄνδρα
1125 3010 1259 3093 σοφίζει.

342 3091 408 3158 ΚΘ.
426 3091 513 3158 Αἴνει
534 3092 735 3177 φειδομένως.
758 3093 791 3156 δν
813 3094 945 3156 πολλάκι
963 3094 1020 3177 γάρ
1041 3093 1236 3176 δοκιμάσαις,
1363 3125 1364 3144 ι

421 3175 477 3241 Ἕν
500 3200 575 3240 ποτε
597 3180 654 3256 συὶ,
676 3177 763 3245 ποιός
784 3200 828 3245 τις
851 3176 904 3260 ἔην
919 3176 1115 3261 φιλος,ήμαρ
1130 3177 1259 3260 ἐλέγξει.

343 3264 379 3326 Λ.
427 3261 510 3346 Μήτι
522 3262 737 3346 καταισχύνοιο
757 3263 878 3344 μαθεῖν,
887 3261 921 3324 τό
935 3284 992 3345 περ
1008 3261 1064 3324 οίικ
1078 3261 1259 3346 ἐδιδάχθης.
1309 3299 1314 3306 -

428 3347 555 3410 Αίνετόν
580 3347 643 3409 ἐστι
661 3345 803 3428 μάθησις,
814 3349 833 3410 ὁ
846 3348 877 3408 δ’
893 3347 1016 3429 ἀγνοίης
1031 3344 1101 3428 ἔρος
1117 3347 1257 3430 αἰσχρόν.

344 3431 408 3495 ΛΑ.
426 3429 558 3515 Κύπριδι
580 3431 631 3493 καὶ
654 3427 772 3515 Βάκχῳ
793 3431 855 3515 ἔρις
877 3430 1051 3515 εὐφροσύνη
1064 3454 1096 3492 τε
1115 3431 1258 3494 σύνεισιν.

425 3515 583 3587 Ἀσπάζου
605 3517 638 3578 τδ
661 3515 813 3598 προσηνὲς
836 3516 915 3595 ἐνὸν,
935 3515 972 3577 τὰ
987 3516 1022 3577 δὲ
1035 3515 1138 3576 νείκεα
1151 3520 1258 3598 φεῦγε.

344 3597 409 3664 ΛΒ.
430 3599 533 3679 Φεύγε
551 3601 776 3684 χαμαιζήλυυς,
797 3601 848 3662 καὶ
869 3602 1002 3681 σιγηλῶν
1018 3597 1106 3680 γένος
1125 3600 1257 3683 ἀνδρῶν.

429 3678 450 3766 ή
475 3682 548 3764 νᾶμ’
576 3683 717 3766 εύκηλον,
739 3686 820 3769 τάχα
838 3685 875 3769 δὴ
890 3683 970 3768 βαθὺ
981 3683 1145 3768 κρύπτεται
1160 3683 1256 3767 ὕδωρ.
