3059 4492
1348 480 1466 542 123

498 651 591 710 55.
675 648 958 709 Prudens
1001 649 1210 724 futuri,
1255 658 1316 710 et
1355 651 1679 712 imminens
1713 650 2001 726 periculis

495 737 806 795 Momenta
848 734 1084 793 lubrica
1121 742 1182 792 et
1229 735 1526 795 volubiles
1573 735 1738 792 vices

492 821 796 880 Fortunae
834 819 1035 879 inanis
1079 819 1382 895 pertinere
1427 820 1505 878 ad
1555 839 1622 878 se
1659 828 1867 897 negat:

492 907 566 964 Et
610 924 822 977 omne,
863 923 979 979 quo
1007 904 1202 981 ,plebs
1247 922 1489 981 semper
1526 903 1757 964 amisso
1807 903 1989 977 dolet,

491 990 557 1048 Id
604 989 1050 1049 commodatum
1096 989 1307 1062 credit,
1345 998 1414 1048 et
1453 988 1824 1067 precarium:

494 1073 799 1150 Suamque
836 1074 1036 1132 reddit
1076 1093 1206 1132 rem
1247 1075 1599 1151 reposcenti
1636 1073 1799 1146 Deo,

491 1159 595 1219 Nil
636 1160 1073 1237 tergiversans.
1123 1159 1245 1235 Qui
1287 1167 1658 1236 potestatem
1703 1160 1800 1218 sui

489 1244 625 1304 Non
671 1245 822 1303 fecit
858 1243 1003 1303 ullis
1050 1245 1317 1317 casibus,
1366 1263 1547 1305 casus
1595 1252 1799 1320 potest

489 1330 711 1389 Ridere
752 1337 904 1388 tuto.
955 1327 1110 1389 Sunt
1152 1329 1313 1387 enim
1360 1330 1714 1393 discrimina

489 1414 727 1474 Animis
774 1414 852 1472 ad
890 1433 1071 1474 omne
1114 1415 1498 1491 praeparatis
1540 1415 1731 1487 irrita,

492 1498 812 1561 Securitati
857 1518 1062 1559 saeva.
1149 1498 1320 1573 Quod
1355 1499 1488 1558 fieri
1533 1508 1756 1577 potest,

490 1583 684 1662 Spera
723 1584 1007 1642 futurum.
1053 1584 1565 1661 nil,repentinum
1609 1586 1868 1662 ingruet,

490 1668 554 1731 Si
588 1664 883 1746 quidquid
925 1669 1102 1741 alias,
1146 1687 1330 1746 posse
1364 1689 1524 1728 nunc
1564 1671 1696 1728 fieri
1740 1679 1938 1747 putes.

489 1756 764 1814 Adversa
807 1773 1006 1811 rerum
1047 1754 1135 1812 nil
1176 1754 1324 1812 mali
1366 1756 1886 1832 exspectantibus,

487 1838 778 1899 Novitate
824 1856 1005 1915 quam
1048 1839 1110 1896 vi
1154 1841 1402 1916 saepius
1446 1849 1671 1899 nocent
1718 1859 1849 1899 sua.

490 1922 636 1985 Sese
674 1925 1004 1983 instruenti
1049 1924 1128 1982 ad
1168 1933 1402 1997 cuncta,
1444 1925 1497 1985 si
1540 1945 1663 1983 non
1701 1925 1913 1985 omnia

487 2009 564 2070 Ut
605 2009 824 2082 voluit,
866 2018 964 2068 ast
1002 2018 1070 2066 ut
1107 2010 1418 2087 cogitavit,
1455 2010 1753 2068 accidunt.

488 2179 582 2240 56.
670 2178 832 2237 Pars
873 2187 968 2238 est
1013 2178 1198 2236 futuri
1235 2197 1458 2256 magna
1497 2177 1779 2255 supplicii
1816 2179 2009 2238 timor.
2085 2214 2090 2223 ι

487 2265 657 2323 Mens
701 2263 944 2322 curiose
988 2263 1233 2320 credula
1273 2264 1337 2321 in
1387 2283 1619 2340 poenas
1663 2281 1810 2323 suas

488 2347 748 2410 Sensum
796 2354 1185 2407 antevertens
1228 2349 1469 2407 obviam
1512 2349 1562 2407 it
1602 2349 1822 2407 damno
1872 2367 2008 2419 suo,

486 2435 711 2492 Malum
751 2433 1106 2491 imminente
1151 2433 1348 2492 maius
1393 2434 1704 2503 intentans
1749 2434 1884 2492 sibi.

485 2519 650 2579 Bene
695 2526 1100 2596 praeparatus
1145 2519 1325 2578 rebus
1372 2519 1646 2578 adversis
1688 2520 1885 2592 homo,

487 2603 793 2681 Quidquid
836 2604 1100 2661 futurum
1140 2604 1573 2680 praestolatur,
1618 2604 1860 2680 excipit.

487 2774 586 2832 57.
673 2771 1043 2832 Periculosa
1080 2781 1176 2832 est
1207 2773 1403 2832 omnis
1446 2773 1749 2831 excedens
1793 2772 2038 2835 modum

485 2858 663 2936 Apud
709 2866 1031 2936 tyrannum
1073 2877 1187 2934 par
1230 2866 1489 2934 tyranno
1530 2859 1743 2935 gratia.

486 2943 702 3002 Terret
742 2959 1036 3017 sequaces
1077 2943 1413 3002 aulicorum
1455 2962 1601 3019 spes
1648 2961 1863 3002 cauum

482 3027 943 3088 Formidolosus
987 3027 1357 3106 Caprearum
1399 3028 1627 3086 carceri

485 3111 746 3174 Seianus
793 3113 934 3171 olim
977 3113 1145 3190 plebi
1186 3114 1496 3172 adoratum
1536 3122 1736 3190 caput.

483 3199 836 3258 Ascendere
878 3198 1005 3257 alta
1047 3207 1143 3259 est
1187 3199 1462 3272 arduum,
1509 3199 1672 3257 unde
1715 3205 1928 3275 postea

487 3281 745 3362 Cogaris
792 3295 932 3342 aute
980 3284 1217 3351 cadere,
1259 3302 1438 3358 quam
1477 3283 1866 3343 descendere.

487 3453 584 3512 58.
675 3452 836 3526 Rex,
879 3453 973 3510 cui
1016 3452 1230 3511 relicta
1270 3452 1476 3524 vidua,
1520 3452 1615 3510 cui
1658 3470 1802 3510 suas
1838 3467 2053 3526 preces

482 3537 767 3614 Pupillus
801 3537 994 3608 offert,
1038 3533 1164 3597 v'ita
1207 3536 1526 3596 adulantes
1568 3554 1784 3608 canes3

484 3621 678 3683 Feros
719 3623 786 3680 in
829 3641 1065 3697 omnes,
1110 3625 1341 3683 cicures
1388 3622 1493 3680 uni
1536 3620 1663 3679 tibi.

489 3705 599 3766 Cui
643 3727 758 3785 pro
805 3708 1071 3787 maligno
1116 3715 1212 3769 est
1248 3726 1431 3783 parce
1471 3706 1749 3779 adulans,
1790 3705 1985 3766 hostis
2029 3712 2124 3764 est
