3059 4492
638 483 790 578 Α

407 648 436 707 2.
481 651 518 707 In
539 652 663 711 loannis
682 655 861 729 Bonnesoaii
874 613 1031 716 Palma.

256 733 379 791 Prodite
401 753 495 791 aurea
514 736 628 812 scripta
648 737 832 811 Bonnef0n1‚

256 818 351 877 Prodi
375 819 504 876 candida
525 821 616 879 Musa
637 822 825 896 Bonnei0n1‚

256 903 297 963 Ut
322 903 422 962 doctis
443 905 534 961 etiam
555 906 642 966 Italis
665 908 813 984 pudorem

255 989 416 1066 Imponas,
438 989 547 1063 quibus
570 991 602 1049 iu
624 992 753 1051 Poetica
775 994 857 1054 assis

255 1073 327 1132 Non
347 1083 396 1133 est
418 1072 522 1132 Gallia
539 1083 634 1135 terre:
657 1097 787 1153 namque
812 1077 886 1138 solis

255 1157 383 1217 Romuli
403 1159 605 1236 popularibus
628 1161 778 1237 Remique

255 1245 413 1303 Musarum
435 1245 601 1304 attribuunt
618 1247 715 1304 salem
729 1255 818 1322 atque
832 1253 969 1324 gustum

255 1329 298 1388 Ut
320 1347 446 1402 quorum
466 1330 584 1406 patrios
604 1332 743 1406 utrinque
763 1333 841 1390 fines

256 1414 399 1473 Infernas
419 1433 502 1471 mare
524 1416 618 1492 cingit
637 1426 689 1474 aut
710 1415 877 1493 Supernas.

256 1497 322 1556 Nos
345 1519 467 1576 vappae
487 1518 604 1573 sumus,
628 1510 717 1576 atque
737 1501 935 1578 Apollinares

256 1584 357 1641 Lixae
381 1584 499 1642 Musica
518 1593 619 1644 castre
640 1595 855 1663 pervagantes,

258 1669 346 1744 Quos
364 1688 422 1726 nec
441 1667 528 1728 Italis
550 1690 625 1728 aura
647 1673 805 1748 vagientes

257 1755 394 1812 Primum
418 1754 583 1829 adflaverit,
612 1765 664 1814 aut
685 1758 797 1815 Latina
820 1777 952 1815 mamma

258 1840 322 1897 Lac
342 1839 525 1912 immulserit
544 1841 675 1899 humidis
700 1841 832 1901 labellis.

260 1924 307 1982 Tu
331 1932 439 1982 contra
459 1925 615 1984 Ausonios
637 1926 826 2003 pereleganti

259 2008 373 2067 Doctus
395 2010 529 2067 carmin'e
547 2030 694 2086 provocas
714 2012 840 2070 Poetas.

261 2093 311 2154 Sic
337 2102 402 2165 est3
424 2095 566 2153 materies
588 2097 657 2154 boni
675 2096 789 2154 Poetae

260 2181 348 2240 Merx
370 2187 417 2237 est
437 2180 571 2256 publica,
592 2194 682 2255 quam
702 2181 755 2240 Dii
776 2180 899 2257 benigni

240 2265 405 2326 2Vendunt
426 2265 565 2324 omnibus
587 2265 726 2341 improbo
748 2266 862 2324 labore.

260 2349 349 2408 Hanc
372 2350 420 2407 cui
442 2369 502 2407 non
520 2351 604 2410 lubet
625 2369 694 2409 esse
716 2351 893 2428 negligenti,

260 2433 361 2493 Docta
380 2435 516 2499 Musicae
535 2436 567 2493 in
590 2435 663 2494 artis
685 2436 808 2493 officina

262 2518 322 2579 Sub
347 2520 457 2599 incude
478 2519 591 2579 laboris
614 2538 711 2594 usque
731 2520 861 2578 tundens

262 2603 338 2664 Sese
360 2605 490 2662 fabricat
509 2613 539 2662 et
557 2606 606 2664 sui
625 2605 738 2663 artifex
758 2607 807 2663 fit:

261 2689 326 2748 Nec
344 2690 462 2748 Romae
486 2691 561 2748 satis
585 2699 632 2748 est
651 2690 748 2749 fuisse
770 2697 890 2760 natum3

262 2775 343 2833 Nam
366 2777 412 2847 fit,
435 2795 497 2833 non
516 2776 605 2834 modo
629 2776 764 2834 nascitur
786 2775 892 2833 Poeta.

169 3020 170 3027 ἵ
403 2945 433 3003 3.
475 2948 514 3001 In
532 2945 672 3002 Poemata
695 2947 757 3002 Iac.
784 2943 905 3003 Cortinii
928 2941 1044 3000 Circaei.

169 3044 170 3055 ¹
262 3029 326 3087 Iam
349 3030 409 3088 sibi
429 3030 520 3087 decus
542 3038 701 3106 arrogaret
719 3029 827 3116 ingens

169 3156 170 3165 r
263 3114 369 3173 Tellus
393 3114 473 3171 Itala
493 3115 589 3173 literis
612 3122 643 3172 et
664 3115 771 3184 armis3

264 3197 339 3258 (lum
359 3199 482 3258 tandem
504 3208 593 3276 caput
614 3200 744 3257 efferens
763 3199 914 3256 tenebris

262 3284 314 3342 Illi
334 3285 505 3361 praeripuit
526 3285 618 3342 decus
640 3283 744 3355 duelli,

169 3431 170 3451 χ
265 3367 356 3429 solas
377 3368 482 3428 Gallia
502 3370 606 3428 literas
630 3369 760 3443 reliquit.

168 3482 170 3525 3
263 3455 325 3512 Diu
347 3454 485 3514 constitit
508 3456 583 3512 haec
605 3454 724 3529 utrique
746 3451 860 3529 palma,
953 3474 955 3477 ·

263 3539 326 3598 Diu
348 3539 440 3598 laude
456 3558 528 3619 sua,
550 3559 606 3598 sua
627 3539 795 3616 palaestra

168 3662 170 3667 <
266 3623 326 3684 Suo
348 3644 473 3683 munere
496 3625 614 3684 functus
636 3633 684 3684 est
703 3631 841 3696 uterque,

169 3718 170 3787 s
267 3709 374 3770 Gallus
396 3710 550 3769 maximus
571 3711 642 3782 hoc,
662 3709 791 3767 Latinus
813 3703 884 3772 ill0;

934 3788 952 3844 4
