3059 4492
660 477 810 570 gep-

274 647 333 710 sin
355 657 385 705 te
407 646 492 723 virgo
514 645 606 721 cepit:
627 645 675 704 vel
697 663 763 702 eem
784 646 839 704 tibi
861 647 975 704 nubere
997 645 1044 704 ius
1065 654 1123 719 cet,

319 731 380 791 Vel
401 739 605 807 corruptorum
627 739 675 790 est
696 748 798 807 poene
818 730 942 789 ferendo
962 731 1027 789 tibi.

272 818 397 894 Nuptae
420 816 585 875 sollicitere
604 815 642 871 nd
667 823 781 891 stupro,
802 815 882 890 quis,
909 816 990 873 uude
1011 815 1152 892 voluptas

320 901 417 962 Nulla
438 909 496 974 est,
518 901 709 975 quantumvis
732 900 850 977 cogitur
872 901 951 977 ipse,
972 901 1098 978 potest?

273 990 334 1048 Est
354 987 387 1046 in
411 985 567 1044 adulteriis
586 985 682 1042 multa
702 984 779 1058 olea,
801 985 916 1044 fructus
938 986 1053 1044 amoris

319 1071 445 1131 Nullus.
467 1071 503 1129 In
519 1071 567 1128 his
591 1071 676 1146 pueri
700 1078 748 1128 est
769 1069 865 1146 turpis
885 1071 1042 1128 habendus
1065 1088 1160 1127 emor.

274 1155 466 1234 Volgivegne
483 1155 589 1214 viduae
610 1156 726 1232 passim
750 1173 824 1214 suus
848 1162 932 1213 extet
952 1163 1084 1226 nmet0r3

321 1242 444 1318 Quippe
467 1239 610 1312 animum,
631 1259 733 1300 mores
753 1248 783 1296 et
801 1240 968 1299 meretricis
988 1241 1088 1298 hebet.

275 1326 399 1386 Castior
420 1325 490 1384 est?
510 1325 565 1382 tibi
586 1323 637 1383 vix
661 1326 857 1383 succumbere
876 1327 985 1401 vixque
1009 1333 1121 1397 coacte,

320 1413 398 1472 Mox
422 1410 562 1470 stimulos
584 1410 647 1468 odii
666 1410 800 1486 concipit
821 1429 915 1487 scgrn
937 1410 1019 1469 novi.

272 1499 402 1558 Factum
423 1496 501 1554 odit:
522 1495 594 1569 quie
613 1513 669 1552 nec
691 1495 780 1570 periit
802 1495 899 1571 pudor
920 1494 1030 1567 omnis,
1052 1492 1149 1552 amori

320 1586 418 1660 Aptas
441 1580 585 1640 solvendo
610 1581 756 1654 quaeritat
776 1599 874 1656 usque
895 1597 1009 1639 mores.

274 1668 332 1730 Sin
356 1666 452 1744 magis
478 1665 605 1722 ancillae
628 1665 745 1740 cupidis
768 1666 961 1742 amplexibus
984 1665 1107 1722 haeres:

319 1751 392 1813 Sive
410 1759 462 1809 tue
483 1758 545 1821 est3
567 1748 697 1807 famulae
715 1769 821 1809 servus
844 1770 876 1809 es
896 1751 966 1827 ipse
983 1758 1065 1808 tuae:

274 1837 352 1898 Sive
374 1836 487 1907 aliene3
507 1843 610 1893 notam
631 1835 685 1893 tibi
709 1835 762 1893 lex
784 1844 883 1893 temen
902 1835 1029 1912 irrogat,
1050 1834 1082 1891 in
1104 1842 1134 1891 te

319 1921 465 1996 Mancipii
484 1921 563 1977 haud
583 1920 696 1996 proprii
717 1921 840 1979 nomino
862 1921 975 1997 probra
996 1920 1088 1978 ciens.

273 2008 336 2066 His
361 2026 394 2066 se
414 2005 572 2082 Diogenes
595 2005 721 2082 pulchre
743 2006 914 2064 extricavit:
937 2006 977 2063 Et
997 2003 1042 2060 illi

318 2092 441 2162 Pollex,
463 2091 578 2165 absque
597 2089 659 2148 ullu
681 2091 788 2164 Laide,
810 2089 912 2167 palma
935 2087 1000 2146 fuit.

577 2253 725 2338 Ὄμματα
745 2255 882 2323 irretiris.
1094 2251 1194 2336 offic)

273 2345 411 2404 Lumina
432 2343 600 2418 distorques
624 2346 730 2404 tacitas
753 2344 916 2421 prodentia
934 2343 1086 2400 flammas:

318 2430 434 2498 Ductus
454 2449 605 2506 purpurea
626 2430 714 2507 valge
734 2429 846 2487 lobelln
867 2447 956 2487 rose:

273 2514 444 2592 Friugultis
467 2515 642 2572 tremulum:
666 2515 768 2574 vibres
788 2513 904 2572 lasciva
926 2511 1071 2589 capillos:

320 2599 419 2658 lectas
442 2599 567 2672 effusas,
589 2619 637 2657 rue
656 2619 777 2676 quoque
794 2606 883 2670 teste,
909 2615 1032 2654 monus:

274 2690 320 2746 At
339 2685 474 2743 nondum
495 2684 550 2742 illa
570 2685 613 2742 tui
635 2684 742 2744 cecidit
763 2684 932 2742 constantia
950 2682 1057 2740 fastus.

318 2771 454 2828 Merces:
475 2768 527 2826 illc
553 2778 654 2827 temen
675 2769 828 2828 musculus
851 2769 960 2828 horror
982 2767 1079 2825 adest.

570 2932 633 2996 Νῦν
658 2935 906 3014 καταγιγνώσκω.
1096 2933 1193 3010 ζ(83)

273 3027 399 3096 Mirum,
419 3023 500 3098 quod
522 3042 585 3080 nou
607 3031 702 3082 mutet
722 3023 762 3080 ob
782 3022 860 3079 hanc
882 3040 916 3080 se
938 3020 1084 3097 Iuppiter.
1108 3018 1154 3076 illi

319 3110 451 3168 Irascor.
473 3108 556 3166 rudis
581 3115 644 3166 est:
667 3107 710 3164 nil
729 3108 760 3164 in
784 3125 888 3164 amore
910 3106 1000 3165 videt.

274 3192 325 3252 De
345 3193 447 3252 forma
467 3212 530 3251 nou
546 3193 700 3270 Europae,
721 3191 867 3249 Denneve
887 3190 1017 3267 puellae,

317 3277 392 3338 Non
417 3297 453 3336 ea
476 3277 632 3350 concedet,
658 3277 787 3336 candide
805 3275 901 3347 Leda,
924 3276 989 3333 tibi.

273 3363 320 3423 Ni
342 3363 418 3422 forte
440 3370 498 3434 eet,
519 3362 600 3437 quod
622 3369 719 3422 scorta
736 3361 814 3438 fugit
835 3360 981 3438 vulgaria,
1003 3359 1121 3434 Regum

319 3447 461 3524 Corrupit
481 3457 577 3506 nates.
599 3447 677 3520 Hoc,
699 3448 775 3520 scio,
795 3446 908 3504 crimen
927 3446 1027 3503 habet.

544 3612 695 3698 Ἄροενας
717 3612 813 3680 ἄλλος
837 3609 916 3696 ἔχοι.
1096 3610 1193 3688 mli)

275 3706 304 3767 0
330 3704 431 3764 valent
448 3702 574 3781 puerilis
597 3711 691 3763 emor.
715 3700 934 3777 complexibus
956 3707 1025 3758 utor
