3059 4492
263 685 303 744 Et
324 685 448 742 tertium
469 683 569 762 ligone
594 683 768 744 Thebarum
790 688 869 747 falas

263 772 392 830 Aheneo
417 768 608 827 demolientis
629 769 736 845 filium,

264 855 362 930 Quem
385 852 546 915 Strebulus
573 854 646 912 olim
670 854 789 915 Consus
812 857 885 935 agili
907 858 1028 917 discidit

263 941 425 1000 Pilumnus
444 958 498 996 ora
518 938 673 1016 dissipans
697 941 856 1016 sudaculo,

265 1025 396 1103 Quando
413 1031 533 1082 creatae
553 1023 655 1083 Nocte
676 1044 841 1102 germanos
863 1028 960 1104 patris

263 1112 313 1170 Ad
332 1129 426 1168 unum
446 1124 582 1167 amorem
602 1118 724 1169 mutuae
747 1121 904 1172 armarunt
921 1114 1015 1171 necis.

263 1197 334 1256 Duo
356 1203 388 1253 at
411 1195 557 1254 scatentis
575 1194 614 1251 ad
635 1196 749 1253 fluenta
768 1197 894 1273 Pyrami

263 1280 401 1340 Deraeni
424 1287 550 1338 ovantes
574 1281 690 1357 vertagi
712 1281 763 1338 icti
784 1291 890 1341 mutua

263 1365 509 1444 Depraeliabunt
530 1365 621 1422 caede
642 1365 787 1423 barritum
807 1368 945 1426 ultimum

265 1450 392 1513 Subtele
412 1450 444 1508 in
464 1449 535 1525 ipso
557 1450 683 1526 virginis
704 1451 916 1529 Pamphyliae.

263 1537 415 1611 Altusque
436 1553 520 1592 rumo
543 1535 644 1593 sulcus
667 1536 699 1592 in
722 1537 889 1596 meditullio

266 1619 367 1683 Stabit
385 1621 546 1698 Megareus
567 1620 716 1696 cespitum
736 1622 908 1697 nitentium,

264 1707 307 1767 Ut
330 1726 370 1765 ne
389 1705 421 1762 in
443 1705 604 1783 profundis
625 1705 756 1765 inferum
778 1708 924 1767 sedilibus

266 1792 389 1850 Imbuta
410 1798 535 1848 cernant
557 1790 647 1848 busta
669 1791 813 1852 caedibus
837 1813 903 1852 sua.

264 1880 306 1936 At
328 1876 460 1953 quinque
485 1874 594 1932 dehinc
616 1873 786 1934 Cerastiam
811 1880 842 1936 in
863 1878 1045 1954 Vesperiam

264 1963 306 2020 Et
322 1961 466 2019 bitientes
487 1958 665 2020 Satrachum
685 1969 715 2018 et
735 1959 853 2021 Silvani
875 1963 1008 2035 humum,

264 2048 358 2105 quta
378 2046 545 2103 manebunt
562 2045 704 2103 Martiam
727 2047 924 2107 Zerinthiam.

264 2131 353 2192 Unus
376 2130 512 2207 parentis
532 2131 659 2189 exulans
681 2132 825 2190 conviciis

266 2215 397 2294 Cychrei
416 2215 554 2275 cavernis
576 2215 746 2292 Bocarique
767 2219 901 2290 flumine,

265 2304 354 2360 Mens
379 2301 533 2372 sobrinus,
554 2308 588 2357 ut
603 2310 758 2376 peremtor
776 2303 869 2378 patrii

264 2387 360 2459 Pulli,
380 2386 507 2445 nothum
526 2405 710 2462 propagmen
734 2394 764 2444 et
781 2388 868 2445 labes
889 2387 1008 2458 domus,

249 2472 395 2530 'Rabiem
417 2471 568 2529 vomentis
592 2471 771 2529 bellicosam
794 2473 936 2542 ovilibus,

264 2557 347 2616 Rari
369 2557 468 2615 leonis
493 2574 583 2631 quem
603 2555 673 2630 pilis
693 2556 823 2615 horrens
845 2557 922 2614 cutis

264 2642 365 2701 Runis
387 2643 510 2719 tegebat
528 2642 632 2699 aeneis
652 2641 842 2716 impervium,

267 2727 444 2787 Obnoxiam
466 2744 556 2784 unam
579 2726 785 2803 possidentem
808 2727 946 2787 semitam

265 2812 314 2871 Ad
335 2812 410 2884 fata,
431 2830 518 2886 quam
542 2812 654 2888 vagina
677 2811 796 2870 celabat
818 2811 963 2888 Scythae,

266 2896 343 2957 Cum
366 2897 458 2955 durus
481 2896 609 2954 adolens
636 2914 723 2954 sacra
749 2896 882 2975 Oomyro
905 2897 953 2974 leo

266 2981 330 3043 Suo
352 2982 472 3059 parenti
491 2982 572 3040 fatus
595 2989 642 3039 est
665 2981 763 3040 claras
784 3001 902 3059 preces,

264 3067 441 3126 Immussuli
463 3067 545 3125 ulnis
567 3067 741 3125 subrumum
762 3074 887 3144 gestans
914 3067 988 3126 suis.

264 3151 333 3212 Nec
352 3152 421 3228 ipse
443 3151 546 3210 credat
566 3151 626 3209 hoc
644 3166 770 3227 parens,
792 3152 874 3227 quod
894 3150 1056 3210 Lemnium

262 3237 393 3296 Fulmen
413 3237 517 3310 duelli,
539 3237 660 3294 nescius
684 3237 782 3310 turpis
804 3237 895 3314 fugae

265 3322 338 3380 Trio
363 3322 505 3380 efferatus
527 3322 677 3397 hospitum
698 3321 902 3380 infensissimi

265 3407 400 3465 Traieoit
421 3406 461 3464 ile
481 3425 616 3478 munere,
641 3405 767 3464 urinans
791 3407 889 3464 ferum

265 3491 384 3554 Saltum
408 3492 537 3567 tepentis
560 3492 644 3550 ensis
667 3490 706 3548 ad
725 3499 875 3566 promtam
896 3507 1016 3549 necem:

262 3578 460 3652 Fratremque
480 3576 636 3635 Trambeli
657 3575 709 3633 ille
732 3577 830 3650 patria
854 3574 962 3653 exigit,

264 3661 405 3740 Cognata
425 3662 521 3737 patris
543 3680 632 3739 quem
655 3661 735 3737 parit
757 3661 831 3718 nixu
853 3679 909 3720 suo

263 3748 391 3807 Donata
412 3747 525 3822 praeda
546 3747 668 3804 dirutori
690 3747 855 3819 moenium,
