3059 4492
788 520 848 581 196

363 689 412 764 14,
423 689 492 750 179.
506 685 670 770 εἰπὲ,κόρη
683 690 927 771 γυργῶπι,κυνῆν
939 684 1100 772 φορέουσα
1109 687 1160 750 καὶ
1169 685 1277 774 ἔγχος,

403 775 470 840 πῶς
492 771 528 834 οῦ
554 772 713 855 βαστάζεις
734 773 853 854 αἰγιδα;
876 768 998 855 Καῖσαρ
1023 767 1100 856 ἔχει.

363 942 490 1016 14,170.
512 937 566 1023 ἥδ’
580 939 665 1025 αὐτῷ
677 941 793 1024 κλήρου
811 938 882 1023 ἄτερ
897 936 983 1022 ἦλθ’,
997 935 1143 1024 ᾤῬῆνος
1157 940 1280 1024 ἀληθὲς

404 1023 511 1108 οὔνομ’
535 1024 597 1088 ἔδω
621 1026 751 1094 δεκάκις.
775 1028 868 1108 κῦρε,
890 1045 943 1107 μοι
967 1021 1113 1109 οἰνοχόει.

363 1197 447 1271 13,4.
467 1191 523 1278 ὄψ’
547 1192 596 1255 ίνα
616 1192 772 1276 κοιρανέοι
794 1191 983 1275 Γερμανικὸς
1002 1191 1033 1253 ἐν
1055 1191 1128 1259 Διδς
1150 1191 1248 1275 αὐλῇ,

404 1277 516 1362 δηθάκι
538 1276 565 1340 δ’
585 1277 616 1339 ἐν
635 1277 719 1361 γαίη,
741 1281 787 1362 τῷ
807 1276 855 1339 Διῒ
877 1277 930 1344 δδς
951 1275 1086 1360 λίβανον.

364 1450 448 1524 12,6.
471 1443 613 1530 Νερυυᾶν
635 1447 809 1530 πρηότατον
829 1445 989 1592 βασιλήων
1011 1445 1143 1514 Αῦσονὶς
1164 1445 1250 1530 αὐλὴ

404 1529 517 1600 δέξατ’.
539 1529 725 1615 ἐπαῦροιμεν
747 1527 824 1592 νῦν<
856 1531 985 1598 λικῶνος
1004 1530 1090 1592 ὅλου.

359 1615 423 1700 ἤθη
447 1614 598 1691 ἄπλαστα,
622 1613 768 1698 φρόνημα
789 1613 950 1696 προσηνὲς,
972 1613 1167 1698 ἀπρόσκοπος
1191 1615 1276 1701 ἀρχὴ

404 1697 493 1767 αὖθις
512 1698 623 1761 ἵκοντο.
646 1697 745 1782 φόβος
767 1702 825 1766 πᾶς
850 1698 968 1782 φυγάδε
992 1697 1143 1782 τρέπεται.

360 1784 452 1851 ἔθνος
473 1783 565 1858 άπαν,
582 1779 706 1866 Ῥώμη,
728 1784 797 1845 τεὸν
819 1782 953 1867 εὔχεται,
976 1784 1042 1845 αἰὲν
1066 1782 1197 1852 ἄνακτος

403 1866 543 1931 τοιοότου
571 1868 605 1929 σὲ
627 1870 741 1952 τυχεῖν,
762 1870 816 1929 τοῦ
841 1867 875 1928 δὲ
897 1867 1115 1951 πολυχρονίου.

361 1953 474 2040 όλβιος,
496 1951 534 2034 ἧς
552 1956 616 2014 παῦ
638 1975 667 2014 οι
690 1951 796 2036 τόχον,
819 1951 908 2029 έξιος,
931 1950 1035 2037 ἄλβιος
1060 1952 1157 2035 ἠθῶν,

404 2038 456 2101 οἶα
477 2033 586 2119 Νομᾶς
608 1975 644 2098 ἄν
666 2034 747 2121 ἔχειν
767 2035 893 2119 ἤθελεν,
915 2035 967 2097 οἷα
987 2032 1116 2098 Κάτων.

361 2121 540 2206 δωρεῖσθαι,
559 2120 705 2206 προέμεν,
725 2121 896 2191 πλουτίζειν
920 2119 1018 2205 ἄνδρα
1042 2119 1169 2203 πένητα,

402 2206 453 2269 καλ
476 2206 569 2287 δόμεν
593 2203 638 2266 οῖ)
660 2204 747 2268 αὐτοὶ
771 2205 811 2287 μὴ
833 2204 1011 2289 χαρίσαιντο
1033 2203 1112 2281 θεοὶ,

360 2293 411 2353 νῦν
437 2287 484 2371 εἴη
506 2287 642 2371 θεμιτόν.
667 2289 702 2351 σδ
726 2288 757 2352 δ’
780 2289 829 2351 ἐπὶ
850 2290 984 2372 σκληροῦ
1010 2290 1168 2374 βασιλῆος,

403 2373 563 2457 ἀργαλέων
586 2395 619 2435 τε
639 2373 773 2459 χρόνων,
794 2377 884 2456 ζῆσαι
907 2372 1065 2457 ἄμεμπτος
1085 2371 1185 2456 ἔτλης.

262 2543 265 2552 “
362 2545 410 2617 11,
418 2545 447 2604 5.
469 2539 578 2603 τόσσον
594 2541 651 2616 σοὶ,
663 2537 797 2624 Καῖσαρ,
805 2540 934 2624 θέμιδος
948 2539 1041 2626 σέβας
1056 2541 1118 2604 ἐστὶ
1132 2542 1219 2625 δίκης
1231 2565 1277 2620 τε,

401 2625 507 2708 ἡλίκον
532 2622 602 2708 ἔσχ’
627 2627 643 2688 ὁ
666 2621 783 2708 Νομᾶς.
807 2625 878 2687 ἀλλ’
903 2627 919 2688 ό
941 2623 1049 2708 Νομᾶς
1067 2625 1187 2688 πένετο.

359 2708 442 2793 ἤθεα
464 2709 504 2791 μὴ
525 2709 649 2793 πλούτῳ
667 2708 835 2792 προδόμεν,
855 2708 933 2793 μέγα
951 2709 1068 2792 θαῦμα,
1088 2711 1140 2772 καὶ
1160 2711 1242 2775 εἶναι

402 2792 569 2855 τοσσατίων
593 2790 733 2875 Κροίσων
757 2794 905 2875 κρείττον’
926 2793 1026 2870 ἐόντα,
1046 2792 1182 2876 Νομᾶν..

360 2880 389 2943 εἰ
410 2882 521 2963 φωτῶν
543 2877 673 2938 νίσσοιτο
694 2878 866 2940 παλίσσυτοι
916 2881 974 2940 ῦλα
992 2880 1143 2955 παλαιῶν,

403 2962 483 3044 ἐξείη
507 2983 539 3022 τε
559 2965 666 3023 κενοῦν
689 2964 747 3023 πᾶν
771 2962 865 3025 πέδον
886 2963 892 2987 ’
927 2962 1042 3041 λάσιον,

360 3049 539 3154 αἱρήσειχοε
561 3042 719 3151 Κάμρλλος
744 3045 923 3154 ἐλευθερίης
945 3048 1022 3131 ὑπὲρ
1046 3047 1148 3131 αὐτῆς.

360 3151 516 3298 ..ίῖἓζῗί
532 3129 1120 3298 ἄρῖθῖθζοξαῗξλῖιῗῖδὲἔῦὲ«ἷῗίι...

401 3305 493 3381 κῦρος
517 3297 600 3382 ἄφαρ
624 3296 745 3365 Σύλλας
765 3304 824 3362 πᾶν
848 3301 1084 3381 ἀποειπάμενος.

361 3388 416 3448 σοῦ
439 3384 582 3454 ἰδιάζοντι
605 3381 657 3443 σὺν
680 3380 814 3467 Καίσαρι
837 3382 962 3465 Μάγνος
986 3384 1080 3470 ἐρῴη.

404 3468 452 3529 σοὶ
475 3468 542 3548 δοίη
566 3462 712 3554 Κράσσος
731 3469 863 3531 πλοῦτον
884 3469 1003 3532 ἅπαντα
1025 3467 1140 3551 προείς.

360 3551 389 3614 εἰ
413 3551 447 3613 δὲ
468 3552 519 3612 καὶ
540 3549 720 3632 ἄγκαλέοιτο
741 3553 792 3613 καὶ
810 3553 841 3622 ἐξ
863 3552 970 3616 Ἃΐδαο
994 3552 1092 3615 νέοιτο

405 3631 477 3697 αόθι
500 3631 621 3712 Κάτων,
645 3633 729 3698 ἔσται
752 3638 803 3699 καλ
827 3637 881 3700 όδε
903 3635 1086 3721 Καισάρεοτ.
