3059 4492
730 467 881 562 Q

353 633 403 695 Se.
448 632 528 708 Quid
548 636 638 712 ergo?

353 717 404 779 Se.
447 719 542 778 Latus
565 720 728 778 occidentis
752 739 843 779 omne
868 722 1094 799 vestigavimus.

353 803 404 864 Se.
448 804 615 868 Habesne?
1096 856 1099 859 .

353 887 404 948 Se.
447 888 574 948 Multum
594 889 721 948 laboris:
741 890 816 947 nibil
838 891 913 948 mibi
933 891 1014 949 ultra
1036 911 1070 950 se
1091 891 1210 950 obtulit.

354 972 404 1034 Se.
447 974 525 1047 Nec,
543 975 663 1052 uspiam
686 974 787 1050 ipsam
810 976 887 1034 solis
910 977 1047 1036 Orientis
1068 977 1193 1054 plagam

302 1115 303 1118 ,
347 1059 461 1118 Existit
479 1059 559 1117 ullus
581 1061 638 1118 rite
677 1059 728 1134 qui
750 1069 903 1119 monstret
925 1063 1008 1120 mihi.

665 1146 691 1202 1.
714 1143 844 1220 Stropba
866 1147 965 1205 XIII.

354 1226 409 1287 ch.
455 1228 532 1303 Quis
555 1248 639 1307 ergo,
663 1230 729 1304 quis
753 1231 838 1302 mihi,

353 1311 428 1386 Quis
452 1313 603 1372 homiuum
626 1313 768 1390 vigilibus

353 1398 433 1456 Mari
453 1399 588 1474 speculis
609 1399 731 1472 sedens,

355 1481 564 1560 Caelivagisve
584 1485 640 1543 viis

356 1565 467 1627 Soleus
490 1587 567 1646 quae
585 1570 665 1640 Dea,

353 1646 582 1712 Fluminibusvc
604 1654 715 1712 fraten-

355 1738 454 1796 -sibus
477 1739 575 1795 ferum
594 1740 689 1797 virum
712 1738 783 1798 inde

356 1821 459 1883 Sicubi
480 1823 555 1882 vidit
575 1844 630 1900 pa-

354 1908 492 1980 lantem,
517 1910 570 1968 ubi
589 1917 645 1980 est,
667 1908 792 1968 nuntiet

355 1991 455 2052 Grave
477 1993 569 2052 fuerit
592 1994 682 2066 enim,
706 1993 733 2052 si

262 2143 269 2160 .
352 2077 431 2136 Post
449 2086 492 2136 tot
511 2079 633 2159 labores
657 2096 748 2155 vagos
798 2120 803 2130 .

354 2161 453 2222 Cursu
472 2184 539 2232 ¹non
561 2164 646 2240 potui
669 2163 803 2237 assequi.

353 2250 412 2306 Ast
428 2268 477 2308 me
501 2249 654 2308 hominem
675 2248 869 2321 imbecillem,
891 2247 943 2306 ubi
966 2253 1097 2304 estnon
1120 2264 1256 2305 cernere.

354 2332 426 2391 Teo.
459 2333 529 2392 Heu
551 2353 610 2406 me,
633 2335 691 2392 heu
713 2337 778 2391 mel

355 2416 410 2477 Ch.
454 2419 524 2478 Heu
546 2420 638 2496 quoia
661 2437 724 2478 vox
745 2418 822 2476 haec
833 2435 983 2498 proxum‘e
999 2435 1157 2474 enemore
1179 2416 1272 2476 exiit?

355 2503 427 2562 Tec.
456 2503 526 2562 Heu
548 2524 598 2562 me
619 2505 777 2562 miseraml

356 2587 411 2648 ch.
457 2587 610 2664 Sponsam
631 2588 782 2647 misellam
805 2586 915 2646 bellica
937 2594 1057 2663 captam
1081 2606 1176 2644 manu

287 2671 338 2724 895
356 2673 454 2731 Video
477 2673 674 2734 Tecmessam
693 2674 820 2750 paribus
838 2673 962 2730 affinem
979 2671 1078 2730 malis.

356 2758 429 2819 Tec.
457 2758 551 2831 Perii,
562 2759 671 2830 occidi3
686 2767 785 2816 actum
801 2767 860 2817 este
873 2758 945 2829 vita,
959 2756 1059 2829 amici,
1073 2765 1184 2815 exacta
1194 2775 1269 2815 sum.

355 2842 411 2902 Ch.
457 2843 538 2919 Quid
551 2853 598 2904 est
608 2844 699 2903 novi?
719 2843 791 2902 Tec.
804 2844 885 2902 Aiax
897 2843 989 2903 caede
1002 2841 1162 2900 confectus
1181 2858 1270 2911 nova,

355 2929 440 2986 Iacet
461 2937 602 2988 cruentus
627 2948 700 2988 ense
720 2929 831 2986 furtivo
851 2928 1010 2993 incubans.

286 3020 288 3022 ’
695 3017 723 3074 ⁴2.
745 3013 876 3090 Stropba
900 3012 934 3072 V.
963 3062 965 3065 .

357 3097 412 3158 ch.
444 3099 493 3156 De
511 3099 609 3157 reditu
629 3108 728 3158 actum
750 3108 798 3157 est
811 3099 862 3157 mi.

355 3185 505 3242 Interficis
529 3184 620 3242 istum

356 3269 455 3327 Tuum
479 3268 624 3341 sodalem,
645 3269 779 3348 inquam,

356 3354 448 3426 Aiax,
471 3375 488 3412 o
510 3355 613 3426 miser,

359 3440 385 3499 Ο
409 3440 502 3498 miser
523 3439 646 3498 femina.

357 3525 430 3583 Teo.
458 3525 499 3584 Ut
520 3526 589 3602 ipsa
605 3544 656 3584 res
680 3533 727 3586 est
748 3532 831 3598 nata,
857 3545 936 3584 nunc
957 3544 1079 3603 gemere
1104 3526 1241 3584 addecet.

357 3608 412 3669 Oh.
457 3608 518 3670 Sed
538 3611 630 3684 quoia
651 3611 690 3669 ad
708 3612 788 3668 hanc
805 3631 868 3670 rem
885 3619 933 3672 est
945 3629 1020 3671 usus
1037 3610 1149 3668 infelix
1163 3608 1271 3668 manni

357 3694 430 3753 Tec.
460 3692 524 3754 Sua
540 3695 608 3770 ipse
628 3696 744 3769 dextra,
760 3703 857 3756 utres
876 3698 974 3758 docet.
997 3695 1079 3770 quod
1099 3704 1131 3754 et
1154 3695 1271 3771 quidem

1353 3786 1359 3817 Ι
