3059 4492
652 473 803 568 *Q-

272 641 327 702 Nil
345 643 466 716 melius,
492 661 560 700 ere
580 644 662 718 quod
686 644 726 703 sit
746 643 914 715 amborum,
935 659 1050 716 precer.
1183 635 1251 692 1265

273 729 350 786 Teu.
392 727 463 786 Heu
485 746 574 804 quam
596 728 709 786 citatim
725 735 913 786 mortuorum
934 726 1032 804 gratia

272 813 397 890 Ingrata
416 813 505 886 cedit,
528 821 617 887 atque
637 822 740 889 partes
762 813 885 872 deserit.

273 897 431 975 Siquidem
454 899 504 956 bic
522 916 577 955 nee
599 898 689 955 etiam
712 900 751 956 cb
772 915 868 974 parva
888 897 969 954 dictu
988 893 1091 951 munia

272 983 412 1042 Meminit
432 983 486 1055 tui,
508 983 605 1042 Aiax:
627 984 734 1057 quoius
757 983 831 1041 olim
851 982 949 1059 gratia

273 1069 343 1127 Tuo
362 1067 476 1145 periclo
494 1075 537 1125 tot
558 1067 674 1144 pericla
692 1069 890 1127 exhauseras.

273 1151 338 1214 Sed
356 1153 453 1211 omnis
473 1152 532 1211 iste
554 1152 641 1210 fluxit
661 1154 798 1230 ingratus
820 1154 919 1211 labos.

168 1289 169 1324 ,
274 1237 303 1298 O
325 1235 510 1314 proloquute
532 1257 670 1314 perpera,
692 1245 782 1313 atque
801 1237 918 1296 inania:

274 1322 398 1383 Oblitus
420 1322 497 1381 adeo
520 1341 564 1395 es,
588 1322 709 1398 quando
730 1342 788 1382 nos
808 1324 840 1381 in
863 1318 981 1398 praelio

271 1406 461 1466 Periculosis
479 1407 641 1483 impeditos
663 1408 814 1482 cassibus,

271 1491 369 1551 Nulla
392 1491 499 1551 salutis
522 1511 587 1568 spe,
614 1502 704 1567 atque
724 1511 836 1552 vorsos
858 1493 890 1550 in
911 1491 1015 1567 fugam
1098 1496 1099 1505 ¹
1186 1484 1253 1538 1275

271 1577 393 1653 Eripuit
412 1578 471 1635 iste
495 1596 550 1636 vos
573 1596 629 1636 suo
653 1579 800 1636 adventu:
819 1578 897 1636 foris

273 1659 350 1722 Cum
370 1661 486 1720 fureret
506 1662 616 1720 ardens
635 1662 715 1740 ignis
734 1664 767 1721 in
789 1663 960 1733 navalibus,

271 1747 419 1807 Flammis
441 1747 572 1820 adultus,
594 1748 684 1822 inque
706 1749 837 1808 classem
862 1747 1013 1805 nauticam

271 1833 405 1890 Irrueret
427 1831 543 1890 Hector
564 1833 704 1890 varicans
724 1833 838 1890 vallum
859 1833 981 1909 impete.

272 1915 349 1990 Quis
369 1917 444 1975 haee
465 1917 633 1994 repressit?
657 1937 719 1975 non
741 1919 769 1976 is
793 1925 850 1990 est,
873 1917 925 1991 qui
944 1914 1017 1972 fecit
1037 1914 1122 1982 baec,
1186 1907 1254 1960 ¹28⁰

272 2003 372 2078 Quem
396 2002 561 2061 contulisse
583 2003 722 2078 nuspiam
744 1999 1034 2078 pedemqautumas?

272 2083 388 2146 Veron'
412 2088 439 2146 is
461 2086 514 2144 ille
538 2087 611 2144 feeit
632 2087 718 2160 haee,
742 2095 772 2144 et
793 2086 922 2146 sedulo?

274 2171 351 2232 Oum
373 2191 430 2229 nec
454 2179 592 2244 vocatus,
615 2179 697 2230 sorte
717 2173 771 2230 sed
793 2172 900 2230 ductus
923 2188 1045 2228 manum

274 2256 446 2330 conseruit,
468 2258 529 2314 aeri
551 2250 899 2333 comparatus'Hectori.

223 2343 226 2352 ’
271 2341 343 2402 Nee
362 2342 443 2400 enim
462 2343 601 2419 fugacem
621 2343 734 2399 iecerat
758 2342 933 2402 sorticulam

269 2426 376 2486 Gleba
396 2428 545 2486 madentis
567 2428 653 2499 uber,
675 2435 723 2485 ast
744 2430 828 2501 quae'
845 2427 983 2503 primitus

272 2513 392 2570 Educta
410 2512 528 2571 casside
548 2513 693 2589 impeturn
716 2512 884 2569 nitesceret.

273 2597 362 2656 Haeo
383 2595 437 2655 ille
458 2597 541 2670 fecit,
565 2606 653 2672 atque
677 2616 734 2674 ego
756 2616 817 2654 una
838 2595 974 2668 interfui,

272 2683 342 2760 Ego
365 2699 482 2754 servus,
506 2690 594 2757 atque
616 2675 711 2738 matre
732 2683 864 2739 barbara
883 2681 991 2739 editus.

274 2766 362 2825 Haeo
383 2767 487 2839 verba,
508 2766 598 2825 stulte
619 2785 686 2825 cum
700 2767 832 2843 strepis,
855 2785 915 2842 quo
938 2765 1089 2843 respicis?
1188 2761 1257 2816 ¹29⁰

233 2873 237 2884 ¹
273 2849 400 2924 Nescis,
420 2853 464 2910 tui
482 2853 533 2926 qui
553 2859 694 2928 prosator
716 2853 811 2928 patris
833 2852 901 2925 fuit,

272 2937 389 3012 Pelops
412 2943 559 3010 vetustus,
582 2956 629 2994 em
648 2937 744 2996 fuisse
764 2938 947 2996 barbarum?

273 3023 376 3080 Tuum
399 3029 531 3080 satorem
554 3021 653 3080 autem
675 3029 801 3082 Atreum
821 3039 1024 3081 secenumnm

273 3107 376 3166 Fratri
397 3107 551 3166 vorandos
574 3111 738 3183 apposisse
758 3107 892 3166 liberos?

274 3193 321 3250 Te
341 3199 438 3248 mater
457 3198 557 3249 autem
580 3191 693 3250 Cressa
709 3191 844 3269 protulit,
868 3197 941 3250 suus

275 3277 376 3353 Quam
398 3275 595 3352 deprehendit
616 3296 682 3334 cum
702 3278 764 3334 viro
783 3277 885 3335 alieno
907 3283 1002 3352 pater,

273 3362 429 3437 Mutisque
451 3362 523 3419 iecit
540 3362 684 3439 pabulum
705 3362 890 3420 natantibus.

275 3447 387 3505 Taline
409 3445 480 3504 talis
505 3447 613 3506 obiieis
635 3465 731 3524 genus
754 3446 849 3503 mihi?

274 3531 447 3590 Telamone
469 3533 522 3607 qui
541 3551 607 3590 sum
630 3540 715 3608 patre
738 3537 916 3608 prognatus,
936 3545 1034 3587 meam

275 3617 338 3694 Qui
358 3616 528 3692 praemium
547 3617 667 3676 virtutis
689 3635 729 3674 ex
751 3616 885 3674 exercitu
1190 3608 1259 3663 13⁰⁰

273 3701 393 3762 Habuit
413 3711 570 3777 parentem
595 3701 808 3760 concubinam:
833 3700 918 3778 regio
