3059 4492
648 519 801 615 Eb-

521 679 560 747 ‘0
582 684 650 768 πρὶν
673 685 925 767 ἁμαλθάκτοισιν.
1085 689 1181 768 EGO)
1285 677 1291 682 ’

263 769 323 829 Ille
345 789 402 847 ego
421 779 524 830 mente
545 771 611 830 fera
629 773 680 846 qui
703 773 855 849 quondam
877 774 990 848 pubere
1011 774 1043 831 in
1064 793 1141 835 aevo

308 855 499 915 Flexanimis
520 856 658 934 Paphiae
678 857 798 935 legibus
822 876 914 934 asper
936 876 1029 931 eram,

263 939 324 999 Ille
345 939 524 1017 Cupidineis
547 942 711 1018 impervius
732 951 804 1000 ante
826 943 957 1020 sagittis,

308 1026 375 1083 Iam
398 1027 503 1084 senior
525 1033 578 1085 tua
600 1045 649 1083 me
673 1029 728 1086 snb
750 1029 823 1105 iuga
843 1029 938 1100 mitto,
962 1028 1077 1086 Venus.

263 1111 380 1186 Accipe
402 1129 451 1168 me
470 1111 583 1170 ridens.
606 1109 679 1170 Non
702 1120 763 1170 tam
786 1112 870 1187 prius
888 1111 1003 1188 inclyta
1023 1110 1104 1170 malo

308 1194 527 1271 Hesperidum,
548 1215 638 1273 quam
659 1215 738 1255 nunc
756 1197 837 1256 victa
859 1197 997 1256 Minerva
1013 1197 1068 1254 tibi
1090 1203 1147 1256 est.

539 1358 600 1424 Ναὶ
619 1362 700 1446 τάχα
723 1361 900 1443 τανταλέης.
1084 1363 1181 1443 (ml)

263 1447 335 1507 Nae
357 1467 554 1524 quaecunque
575 1450 659 1507 videt
677 1450 819 1510 Acheron
842 1451 1015 1526 spectacula
1036 1468 1152 1526 poenae

310 1533 518 1610 Tantaleae[,]
540 1536 654 1593 nostris
677 1542 747 1593 sunt
768 1535 884 1593 leviora
905 1536 1005 1595 malis.

263 1619 347 1679 Nam
370 1619 454 1676 nullo
473 1620 665 1696 prohibente,
686 1621 749 1679 suis
769 1628 822 1678 tua
843 1620 940 1694 labra,
961 1620 1068 1680 videns
1090 1628 1133 1691 te,

308 1703 500 1777 Consereret,
522 1724 617 1762 verna
635 1704 781 1762 lucidiora
800 1723 884 1779 rosa,

264 1789 415 1849 Tantalus
439 1807 649 1848 aerumnosus.
670 1792 712 1848 At
732 1790 802 1848 huic
822 1790 903 1868 lapis
925 1791 1074 1848 imminet:
1096 1789 1181 1847 illum

307 1874 434 1934 Horret.
457 1875 505 1932 Ita
528 1881 583 1933 est.
605 1875 717 1934 Iterum
737 1875 792 1934 sed
816 1876 920 1949 nequit
940 1875 994 1932 ille
1015 1875 1103 1933 mori.

263 1965 306 2020 At
328 1959 419 2018 nobis
442 1960 518 2019 vivis
532 1959 687 2036 liquantur
706 1961 842 2018 membra
862 1960 977 2018 furore:

307 2045 432 2102 Viribus
457 2045 613 2104 exhaustis
637 2063 720 2104 mors
742 2045 924 2120 propiorque
942 2045 1032 2103 venit.

492 2206 647 2294 Ἐσβέσθη
674 2211 841 2293 φλογεροῖο
864 2209 969 2289 πυρὸς.
1084 2213 1180 2291 (m)

263 2296 397 2374 Dilapsa
419 2305 467 2356 est
486 2317 554 2357 mea
575 2297 706 2372 flamma,
726 2315 783 2356 nec
797 2296 928 2373 amplius
942 2305 1047 2356 aestuo
1060 2300 1180 2372 morbo,

307 2384 344 2442 In
367 2383 496 2442 Veneris
520 2384 637 2442 cineres
661 2383 716 2442 sed
736 2383 905 2460 tepefactus
929 2400 976 2440 eo.

266 2469 400 2530 Ossibus
426 2478 455 2526 et
473 2467 586 2544 penitis
609 2470 690 2526 nuda
712 2476 791 2540 cute,
814 2468 925 2525 mentis
949 2474 980 2524 et
996 2467 1066 2526 imis
1096 2508 1100 2516 -

308 2551 458 2614 Sensibus
481 2554 640 2612 insinuans
662 2563 742 2611 errat
764 2552 894 2611 anhelus
919 2570 1016 2611 amor:

265 2637 399 2697 Victima
420 2639 465 2696 sic
483 2645 641 2714 postquam
662 2646 710 2697 est
725 2639 757 2695 in
779 2638 875 2696 sacris
896 2637 967 2714 igne
989 2646 1106 2711 vorata,

308 2722 423 2799 Sponte
445 2743 498 2782 suo
517 2723 640 2795 residet,
665 2742 732 2782 cum
751 2731 835 2798 tepet
858 2741 940 2795 esca,
961 2722 1053 2780 furor.

526 2885 652 2971 ’Ὢμοσα
674 2890 832 2971 μιμνάζειν
856 2909 923 2950 ceo.
1083 2886 1180 2973 t(43)

265 2975 409 3034 Iurabam
429 2986 544 3049 sancte,
567 2977 615 3035 bis
638 2995 703 3050 sex,
725 2996 783 3052 pro
802 2977 917 3052 Iupiter
937 2982 967 3033 et
986 2977 1027 3050 di,

308 3061 380 3119 Lux
399 3079 477 3135 mea,
499 3062 644 3121 luciferos
666 3062 745 3120 velle
767 3079 870 3119 carere
891 3061 945 3118 tui.

265 3145 338 3205 Non
357 3147 452 3221 potui.
474 3147 551 3206 Visa
569 3154 616 3205 est
635 3146 689 3204 lux
711 3146 832 3223 longior
853 3145 949 3202 altera
971 3146 1019 3204 bis
1041 3164 1096 3204 sex

308 3231 484 3291 Mensibus:
505 3231 611 3290 adiuro
631 3239 721 3306 teque
742 3239 885 3304 tuumque
907 3238 1007 3307 caput.

268 3316 327 3388 Tu,
348 3334 387 3373 nc
406 3317 595 3393 perscribant
615 3317 730 3375 ultricis
751 3317 784 3374 in
807 3334 939 3390 aequore
962 3315 1084 3372 chartae

309 3399 388 3473 Hoc,
411 3401 492 3477 quod
510 3403 618 3474 iuravi,
637 3403 694 3460 rite
715 3419 842 3478 precare
862 3400 956 3458 Deos.

266 3488 367 3561 Atque
385 3487 445 3546 tuis
467 3487 566 3546 mulce
588 3506 647 3560 me,
670 3485 792 3558 blanda,
814 3485 983 3561 leporibus,
1005 3490 1038 3539 ut
1056 3501 1095 3540 ne

310 3571 361 3630 Me
384 3590 525 3648 superum
545 3573 674 3648 perdant
695 3581 725 3630 et
747 3580 799 3628 tua
821 3571 917 3647 flagra
938 3567 1038 3627 simul.

917 3751 956 3810 ts
