3059 4492
724 478 876 573 Q—

342 647 425 706 Iram
446 645 576 704 ferocem
597 644 741 722 deprecer
764 647 865 726 gravis
885 645 982 706 Deae.

342 733 418 792 Mox
438 731 569 806 aliquem
593 731 683 790 adibo
707 733 893 810 inhospitum
916 740 947 790 et
964 739 1080 791 tescum
1100 733 1217 808 locum,

344 816 512 890 Telumqne
534 816 577 874 ibi
596 816 840 879 inimicissimum
862 818 929 890 hoc,
952 835 1057 876 ensem
1079 835 1192 893 meum,

343 902 386 962 Ut
407 901 508 960 videat
526 901 603 958 illud
623 920 721 976 nemo,
744 903 902 962 defossum
925 903 1063 975 obruam,

274 980 327 1034 ⁶⁶⁰
346 985 407 1046 Sed
427 985 572 1044 creditum
597 986 707 1060 Orcus,
729 1006 848 1062 noxque
869 988 1040 1046 servassint
1060 989 1129 1048 sibi.

343 1071 424 1130 Nam
448 1071 578 1146 denique
598 1090 637 1128 ex
658 1092 716 1147 quo
737 1079 928 1146 muneratum
949 1079 1085 1149 tempore

342 1156 407 1234 Ego
426 1155 501 1213 illud
520 1156 640 1214 hostica
657 1157 799 1216 Hectoris
818 1157 887 1234 cepi
910 1175 1018 1215 manu:

342 1240 464 1301 Exinde
486 1241 614 1316 adeptus
636 1243 681 1300 nil
705 1261 771 1300 sum
798 1243 836 1300 ab
856 1241 978 1319 Argivis
1003 1242 1083 1301 boui.

344 1325 460 1387 Scitum
482 1325 581 1384 estin
603 1345 654 1383 ore
676 1328 733 1384 hoc
755 1327 891 1385 omnium
913 1327 1025 1384 dictum
1047 1334 1152 1387 retus:

275 1406 326 1462 665
344 1411 484 1470 Infausta
506 1429 631 1468 munera
654 1412 799 1484 hostium,
821 1430 877 1469 neo
897 1431 1031 1470 munera.

343 1497 506 1554 Discamus
531 1515 600 1573 ergo
621 1496 653 1554 in
673 1497 931 1556 caeterumsDeis
945 1497 1044 1555 locum

344 1579 471 1654 Cedere,
493 1588 523 1637 et
541 1581 687 1639 honorem
708 1582 841 1640 debitum
864 1581 979 1640 Atridis
1001 1582 1083 1640 dare.

343 1665 425 1724 Nam
446 1663 599 1742 principes
622 1675 703 1739 sunt,
726 1666 1036 1742 obsequendumest:
1058 1667 1222 1744 quippini?

343 1752 383 1809 Et
405 1750 511 1828 gravia
533 1769 610 1824 quae
633 1759 713 1824 sunt,
733 1771 871 1827 quaeque
893 1759 964 1811 sunt
985 1751 1170 1829 immania[‚]

275 1833 327 1889 670
345 1833 464 1894 Cedunt
482 1835 599 1893 honori.
622 1837 702 1894 cedit
722 1844 752 1893 et
774 1838 821 1896 vis
840 1837 1003 1913 ninguidae
1102 1874 1104 1879 ·

344 1920 477 1992 Hiemis‚
497 1920 549 1979 ubi
572 1928 674 1980 aestas
698 1930 798 1980 macta
819 1922 956 1998 frugibus
980 1922 1072 1980 venit.

345 2004 464 2066 Cedunt
488 2012 518 2063 et
532 2005 619 2082 ipsae
642 2007 740 2064 noctis
762 2008 907 2066 obscurae
927 2007 1011 2066 does

343 2091 420 2149 Luci
442 2089 587 2149 albius-nti
608 2091 710 2148 lumen
729 2091 841 2149 almum
860 2093 1035 2150 accendere.

344 2176 385 2235 Et
407 2175 504 2232 maria
526 2175 648 2234 tumidis
671 2177 811 2235 intonata
831 2177 953 2235 flatibus

274 2259 325 2312 675
342 2259 480 2319 Posuere
501 2260 619 2319 fluctus.
643 2261 738 2319 victor
758 2261 893 2320 omnium
916 2279 1008 2337 sopor

343 2345 496 2404 Devincta
516 2345 602 2404 laxat
621 2347 768 2419 membra,
790 2365 847 2404 nec
869 2364 990 2426 semper
1007 2352 1099 2404 tenet.

343 2430 383 2490 Et
408 2449 462 2508 ego
483 2430 623 2489 modesta
641 2430 722 2488 facta
745 2431 878 2489 dubitem
899 2431 1061 2508 persequi?

260 2581 264 2587 ¹
343 2513 456 2587 Quare,
478 2523 512 2572 ut
530 2533 642 2592 reapse
662 2535 760 2592 nuper
783 2524 926 2593 expertus
949 2515 1004 2588 fui,

343 2599 413 2657 Hac
432 2600 492 2657 fine
515 2618 647 2677 semper,
667 2619 790 2673 censeo,
812 2600 968 2662 inimicum
990 2598 1104 2672 oderis,

274 2679 327 2736 680
345 2683 505 2759 Tanquam
525 2684 604 2742 idem
627 2686 741 2744 amicus
765 2687 805 2745 sit
824 2686 952 2744 futurus.
972 2685 1106 2743 indidem

344 2769 381 2827 In
398 2776 514 2826 tantum
535 2769 632 2827 amico
656 2771 792 2828 munifex
813 2791 929 2830 morem
949 2789 1062 2847 geram,

344 2853 504 2929 Tanquam
525 2872 581 2912 nec
601 2854 681 2912 idem
706 2856 746 2914 sit
765 2856 894 2914 futurus.
916 2855 1038 2932 plurimi

342 2939 509 3016 Appellere
530 2939 629 3014 ipsum
649 2948 771 3017 portum
792 2940 944 2999 amicitiae
966 2939 1082 2998 timent.

344 3023 407 3085 Sed
427 3023 507 3082 belle
526 3025 680 3083 habebunt
697 3026 768 3084 ista.
788 3035 820 3084 tu
842 3045 914 3084 vero
933 3025 1053 3083 interim

169 3107 170 3110 ’
274 3109 325 3163 685
343 3109 429 3168 Intus
451 3128 576 3185 precare
597 3111 755 3185 perpetim,
775 3111 894 3183 mulier,
920 3110 1015 3182 Deos,

343 3192 512 3255 Succedere
533 3194 597 3266 illa,
623 3213 700 3270 qnae
724 3195 833 3254 sedent
853 3195 967 3267 animo,
991 3193 1103 3253 omnia.

341 3281 382 3339 Et
403 3299 470 3352 vos,
492 3278 628 3352 sodales,
649 3280 735 3354 paria
756 3280 1001 3357 comprecamini.
1087 3298 1089 3301 ·

342 3365 488 3422 Mandata
507 3365 608 3423 verbis
632 3365 708 3422 haec
727 3366 804 3424 meis
830 3365 947 3423 Teucro
968 3365 1053 3422 dntez
1101 3388 1104 3396 ·

342 3449 396 3509 Uti
418 3469 476 3509 nos
501 3449 640 3522 emacuit,
661 3455 694 3507 ut
713 3451 786 3508 velit
801 3451 890 3510 vobis
913 3451 1001 3508 bene.

273 3535 326 3592 690
342 3533 631 3606 Proficiscor-illuo‚
658 3553 717 3609 quo
737 3536 873 3610 profacto
896 3553 975 3612 opus
996 3532 1072 3592 mihi
1093 3540 1151 3592 est.

343 3619 410 3676 Vos
431 3620 516 3678 iussa
537 3626 719 3696 perpetrate.
741 3620 829 3678 forsit
849 3621 977 3678 demea
1007 3651 1010 3657 ·

285 3743 287 3748 ·
343 3701 450 3766 Salute
467 3702 641 3777 inaudiens,
663 3704 721 3763 etsi
741 3706 900 3780 perieram.
