3059 4492
677 485 732 546 121

168 705 169 712 ,
250 654 310 717 Sed
332 653 507 714 obsolescit·
523 656 676 714 comitate*
688 655 859 714 auctoritas.

249 741 367 801 Horum
384 739 513 798 duorum
533 749 653 799 constet
671 751 705 798 nt
723 741 807 800 selus
830 741 897 810 tibi,

249 825 317 886 Hoc
337 834 544 901 temperemen
567 836 614 884 est
635 826 811 896 tenendum,
825 835 868 882 ,nt
889 843 928 880 ne
952 823 1028 882 velis

248 911 348 970 Nimis
369 927 495 969 severus
519 927 600 983 esse,
624 929 679 970 nec
703 912 799 970 ecmis
819 911 919 968 nimis.

249 996 283 1054 Id
305 996 485 1073 dignitatem
506 1002 563 1066 est,
584 996 640 1052 hcc
663 1015 798 1054 amorem
817 995 954 1071 perdere.

251 1165 298 1222 16.
342 1167 371 1223 Δ
393 1163 489 1221 Plebe
510 1163 615 1235 amari,
634 1183 697 1222 ncn
717 1164 821 1222 timeri
841 1162 912 1222 Rex
933 1162 1029 1222 stude?

250 1249 356 1308 Timor
377 1249 522 1326 magister
541 1247 683 1306 infidelis
695 1249 833 1323 obsequii
855 1255 912 1320 est,

250 1335 289 1394 Et
309 1334 447 1392 caritatis
466 1332 652 1390 imbecillum
674 1333 827 1391 vinculum

251 1419 354 1478 Timor
372 1420 515 1478 facesset.
538 1418 690 1493 Principis
712 1437 814 1476 mores
838 1417 908 1475 boni

250 1504 388 1563 Possunt
408 1504 488 1561 idem
510 1511 679 1579 praestare,
702 1503 785 1578 qnod
805 1502 861 1560 vis
873 1501 1000 1577 imperii.

250 1589 377 1648 Multum
399 1588 590 1665 imperando,
607 1589 677 1664 plns
698 1588 828 1648 emendo
851 1587 920 1645 Rex
937 1595 1049 1663 potest.

253 1759 300 1816 47.
343 1756 491 1816 Fortasse
513 1757 596 1815 cives
614 1757 702 1832 peius
724 1775 823 1834 engne
838 1755 1014 1832 Principem

253 1841 365 1902 Odisse
383 1842 515 1918 possint,
537 1842 564 1900 is
584 1839 656 1900 licet
677 1861 736 1898 non
760 1841 867 1900 oderit.
965 1858 969 1871 ’

251 1929 290 1986 lt
306 1927 375 2003 ipse
395 1928 491 1984 amari
512 1945 575 1985 non
596 1934 708 2002 potest,
731 1927 835 1985 sinon
857 1934 947 1984 amet.

253 2099 299 2156 48.
344 2096 494 2172 Princeps
518 2094 663 2154 colendus
686 2097 834 2153 hactenus
857 2096 908 2167 sit,
930 2103 1079 2168 quatenus

252 2181 321 2241 Tibi
341 2181 434 2239 licere
452 2191 482 2238 et
505 2180 648 2258 expedire
670 2181 731 2240 seis
752 2181 791 2237 ei.

252 2265 354 2326 Homo
376 2267 528 2325 secundus
554 2285 573 2323 e
594 2265 674 2338 Deo,
696 2273 852 2341 acceptum
874 2265 975 2322 ferens

252 2352 329 2425 Deo,
349 2352 432 2426 quod
453 2351 521 2428 ipse
544 2359 601 2423 est,
623 2351 715 2409 unico
736 2350 837 2409 minor
854 2349 934 2409 Deo.

255 2521 303 2579 49.
348 2520 439 2579 Bona
460 2519 599 2578 instititc
618 2540 681 2578 non
703 2521 778 2579 boni
801 2521 852 2587 cdi
872 2498 1034 2593 Principis,

252 2605 323 2664 Non
347 2605 430 2680 quod
448 2606 527 2662 bona
550 2613 631 2678 scta,·
654 2605 710 2664 sed
732 2606 812 2679 qnod
831 2612 933 2662 auctor
947 2603 1106 2680 displicet.

168 2743 169 2762 ,
253 2692 420 2750 Laudanda
442 2690 544 2768 Reges
567 2709 661 2766 ssepe
682 2690 822 2750 lecerunt
840 2689 925 2748 mnli.

253 2777 392 2836 Laudare
416 2775 532 2852 Regem
553 2794 618 2834 nnn
636 2783 724 2852 potes
746 2776 807 2834 nisi
827 2778 948 2834 bonnm

254 2947 303 3006 50.
346 2944 507 3021 Principes
521 2945 642 3004 tributis
653 2954 743 3018 etque
751 2945 958 3003 functionibus
981 2941 1166 3018 [Pi-incepti]

254 3031 354 3110 Regni
373 3038 474 3088 tuetur
496 3030 635 3106 publices
656 3047 730 3104 opes
753 3030 812 3102 sui,

253 3116 373 3175 Bellum
394 3115 595 3186 administrat,
615 3114 752 3174 hostiens
771 3115 885 3192 fmngit
905 3114 1013 3172 mines.

253 3201 392 3278 Vectigal
413 3219 511 3272 omne,
535 3207 565 3257 et
586 3198 731 3278 quidquid
748 3200 886 3271 infertur,
909 3200 1021 3256 bonum
1044 3204 1090 3252 est
1178 3191 1181 3196 ’

255 3285 422 3346 commune
441 3285 577 3354 eunetis3
601 3285 759 3362 singuiis
751 3276 871 3343 iniuria

256 3457 304 3514 51.
350 3419 466 3514 Terrae
488 3463 632 3531 tyrennus
655 3419 861 3530 septimaniae
882 3451 992 3510 arduae

255 3540 371 3600 Evertit
393 3539 485 3598 sedes
506 3540 674 3615 incolarum
696 3538 824 3598 Girnius.

257 3623 317 3685 Sed
339 3633 486 3685 aestuosa
506 3625 661 3702 pestilenti
685 3624 795 3683 sideris

256 3709 338 3770 Idem
365 3711 481 3770 salubri
506 3710 617 3768 demna
638 3709 739 3768 differt
756 3709 881 3786 spiritu:
906 3772 922 3814 ἱ
