3059 4492
769 484 920 579 —1—42—

380 647 490 719 Ἧλιυς
512 648 688 728 Ἀπόλλων,
710 649 761 710 καὶ
785 651 801 713 ὁ
819 649 986 713 Ἀπόλλων
1007 650 1104 732 ἥλιος.

379 731 471 820 Ἥλιμ
494 735 545 797 τδν
566 733 654 816 ήλον,
677 734 823 818 παττάλῳ
847 737 898 798 τὸν
918 736 1082 796 πάτταλον.

382 818 493 902 Ἡμεῖς
513 819 570 900 γὰρ
595 815 666 880 ούτε
686 815 814 900 θέομεν,
834 817 900 881 οὔτ’
925 818 1106 899 ἐλαύνομεν.

340 945 349 962 .
382 903 475 987 Ἡμῖν
495 903 630 966 πόνοισιν
655 901 756 983 ἀγαθὰ
779 905 922 966 πωλοῦσι
942 903 1021 965 θεοί.

381 986 475 1071 Ἡμῖν
501 987 620 1071 ἐπιρρεῖ
641 990 767 1070 πράημα
787 985 1076 1070 τούΕαντλούμενον.

380 1071 439 1136 Ἦν
464 1073 505 1156 μή
527 1070 679 1154 καθαίρης
703 1073 755 1134 καὶ
778 1070 903 1155 ἀλέσης,
924 1072 960 1134 ού
984 1073 1024 1154 μὴ
1049 1073 1168 1155 φάγοις.

389 1156 558 1224 Θαλάττιύς
578 1155 607 1236 γ’
631 1156 672 1218 ὢν
699 1157 769 1238 μήτι
788 1161 936 1260 χερσαῖος
957 1161 1058 1238 γενοῦ.

389 1242 468 1310 Θεδς
488 1237 682 1322 λαλούμενύς
702 1263 735 1302 τε
758 1243 910 1324 κορκλητος
931 1243 1024 1324 πάρα.

388 1326 471 1391 Θεοῦ
495 1327 520 1388 δ’
546 1323 663 1391 ύνειδος
687 1324 758 1392 τούς
780 1325 894 1393 κακούς
915 1325 1120 1407 εὐδαιμονεῖν.

389 1410 471 1475 Θεοῦ
496 1410 531 1472 δὲ
555 1407 655 1492 δῶρόν
679 1409 756 1472 ἐστιν
780 1408 918 1494 εὐτυχεῖν
942 1409 1079 1495 βροτούς.

389 1495 471 1560 Θεοῦ
493 1492 639 1560 θέλοντος
655 1490 709 1577 κᾷν
734 1494 784 1556 ἐπὶ
809 1495 895 1579 ριπὸς
915 1493 1030 1563 πλέοις.

389 1580 461 1664 Θεῷ
485 1578 641 1662 μάχεσθαι
663 1577 760 1640 δεινύν
785 1580 848 1641 ἐστι
868 1580 919 1641 καὶ
939 1579 1029 1663 τύχη.
1143 1640 1145 1643 .

388 1663 455 1748 Θὴρ
478 1662 617 1729 ποικίλος
640 1663 706 1744 μὲν,
728 1663 846 1747 θητέρηι
868 1665 900 1726 δ’
924 1663 961 1726 ού
984 1663 1125 1746 ληπτέος.

389 1747 513 1833 Θρασὺς
534 1748 611 1829 πρὸς
634 1745 721 1830 ἔργον
747 1747 826 1810 ἐστὶν
850 1747 885 1811 ἐκ
902 1751 1021 1810 πολλοῦ
1044 1747 1147 1816 κακῦς.

388 1832 496 1915 Θυμοῦ
519 1832 575 1914 γὰρ
598 1831 688 1894 οὐδὲν
712 1831 790 1894 ἄλλο
813 1837 919 1916 γῆρας,
943 1833 1021 1915 πλὴν
1044 1832 1160 1895 θανεῖν.

388 1916 510 2001 Θύραζε
533 1913 646 1998 Κᾶρες.
668 1916 725 1979 οὐκ
748 1915 790 1978 ἔτ’
809 1916 1023 2000 Ἀνθεστήρια.
1084 1977 1087 1980 ,

383 2001 465 2066 Ἰδού
489 2024 524 2083 ηε
547 2003 650 2070 καινὸς
670 2001 774 2063 οὑτοσὶ
797 2000 1007 2084 Παλαίφατος.
1033 2060 1039 2072 ,

378 2083 446 2152 Ἵνα
466 2088 507 2170 μή
532 2108 565 2147 σε
588 2086 679 2172 βάψω
705 2085 813 2170 βάμμα
833 2084 1044 2170 Σαρδινιακύν.

385 2169 472 2254 Κήιθ
496 2172 599 2254 ὥσπερ
621 2172 652 2234 αἱ
674 2170 776 2241 τιτθαί
793 2193 840 2254 γε,
865 2171 984 2242 σιτίζεις
1005 2176 1116 2238 κακῶς.

383 2255 447 2321 Καὶ
471 2256 508 2338 δή
533 2254 641 2337 γένοιτ’
669 2254 704 2318 ἄν
728 2258 842 2324 παντὸς
865 2256 899 2318 ἐκ
920 2255 1012 2324 ξύλου
1032 2255 1115 2318 κίων.

385 2339 448 2405 Καὶ
470 2340 572 2422 μάντις
594 2342 636 2403 ὢν
659 2339 782 2421 ἄριστος
806 2340 945 2424 ἐσφάλυυ
966 2340 1051 2402 ποτέ.

386 2423 448 2489 Καὶ
474 2422 566 2486 Πύθι’
591 2425 654 2488 ἐστὶ
673 2423 770 2486 ταῦτά
794 2448 843 2487 σοι
864 2426 915 2488 καὶ
938 2426 1047 2507 Δήλια.
1094 2483 1096 2486 ⁴

385 2506 500 2574 Καινύν
522 2531 557 2589 ηε
583 2509 690 2592 μηδὲν,
714 2512 831 2592 μᾶλλον
855 2507 893 2572 αύ
914 2508 1097 2572 Φοινικικόν.

386 2592 507 2676 Καιροῦ
532 2596 633 2676 τυχὼν
660 2595 675 2656 ὁ
699 2595 824 2678 πτωχὸς
844 2593 943 2678 ἰσχύει
967 2593 1054 2677 μέγα.

385 2675 491 2741 Κακύν
509 2698 543 2758 γε
568 2679 667 2759 δῶρον
691 2675 756 2742 ἶσύν
783 2679 847 2742 ἐστι
871 2679 973 2762 ζημίη.

385 2759 490 2825 Κακδν
513 2762 546 2822 τὸ
569 2761 663 2822 καλὸν
690 2762 759 2844 μήτι
780 2767 834 2824 τοῦ
854 2769 963 2845 καιροῦ
986 2764 1089 2847 τυχδν.

385 2844 490 2911 Κοικὸς
507 2849 594 2928 κακῷ
615 2844 672 2930 γὰρ
697 2845 876 2929 συντέτηκεν
903 2849 1011 2930 ἡδονή.

385 2928 483 3012 Κακιβ
506 2930 611 3013 βάδιζε
635 2929 714 3013 μηδὲ
736 2931 789 3012 τὴν
814 2931 907 3015 αὐτὴν
931 2931 1013 2996 ῦδύν.

385 3012 483 3097 Κακιῦ
507 3012 559 3075 σὺν
583 3014 670 3097 άνδρὶ
693 3015 734 3098 μὴ
755 3015 784 3077 δ’
810 3015 892 3084 ὅλως
912 3015 1078 3100 ὁδοιπύρει.

385 3096 510 3166 Κάλλος
533 3097 675 3179 χυναικύς
699 3099 778 3161 ἐστιν
801 3100 977 3183 ἀνθρώποις
997 3101 1096 3186 βέλος.

384 3181 499 3251 Καλῶς
519 3181 664 3244 παλεύειν
687 3183 752 3246 οίδε
772 3186 825 3267 τὴν
849 3186 1005 3247 ἀλώπεκα.

384 3264 449 3351 Κᾷν
475 3267 526 3330 διὰ
549 3272 709 3352 μαχαιρῶν
732 3271 785 3331 καὶ
804 3271 902 3353 πυρὸς
923 3269 1033 3353 ῥίπτειν
1058 3267 1125 3351 δίη.

383 3348 509 3416 Καπνύν
532 3373 567 3434 ηε
589 3352 712 3436 φεύγων
739 3354 783 3421 είς
804 3356 838 3417 τδ
859 3359 919 3434 πῦρ
941 3353 1130 3436 περιέπεσεν.

384 3431 521 3499 Κατύπιν
549 3437 658 3520 ἑορτῆς
684 3438 882 3521 ὑστεροῦντες
899 3439 1025 3520 ἥκομεν.

385 3514 564 3603 Κάτοπτμον
588 3520 693 3590 ε’ίδους
716 3525 833 3606 χαλκὸς
854 3520 929 3596 ἔστ’,
953 3522 1035 3588 οἶνος
1057 3521 1092 3584 δὲ
1116 3525 1183 3584 νοῦ.

382 3598 499 3674 Κλύζει
521 3605 666 3668 θάλασσα
688 3607 787 3668 πάντα
810 3605 838 3669 τ’
863 3605 1035 3686 ἀνθρώπων
1055 3608 1145 3668 κακά.

384 3682 528 3770 Κρεῖττον
553 3687 685 3771 βαδίζειν
709 3695 765 3753 σοῦ
787 3687 965 3772 Χαρινάδης
986 3685 1057 3772 ἔφυ.

400 3916 1051 4216 »fn
