3059 4492
649 485 800 580 —ee-t—

269 657 326 714 Ast
348 653 427 711 alius
452 652 492 710 ad
512 653 634 712 lavacra
654 609 879 714 ineitrieabiles

269 739 385 815 Laquei
406 739 546 798 nocentis
570 758 677 798 caecus
703 741 865 816 explorans
888 739 964 810 vias,

271 823 428 884 Scelestae
449 824 577 883 amictus
601 825 757 882 involucro
780 824 945 900 compedae

269 909 410 968 Manibus
429 909 562 983 requiret
582 909 736 986 impeditis
761 911 879 968 exitus:

271 993 463 1068 Caveamque
486 995 590 1052 subter
612 995 715 1052 balnei
740 995 877 1065 urinans,
900 993 998 1052 lacum

270 1078 405 1139 Gerebro
424 1087 560 1150 recenter
581 1087 670 1156 atque
692 1079 865 1157 pollubrum
882 1079 1008 1150 imbuet,

270 1163 371 1224 Scena
394 1163 519 1240 bipenni
542 1164 666 1224 dissitus
688 1164 820 1222 medium
844 1172 943 1239 capnt

269 1253 309 1308 At
330 1249 438 1306 umbra
459 1249 544 1325 pulla
564 1249 734 1326 pervolabit
754 1249 938 1320 Taenarum,

269 1338 388 1393 Aversa
410 1334 614 1392 abominanda
640 1341 779 1410 scraptae
802 1335 915 1392 munia.

269 1419 334 1497 Ego
354 1421 442 1477 stabo
465 1428 590 1495 propter
612 1420 732 1478 naviam
753 1420 857 1477 iacens
876 1420 979 1491 humu,

269 1504 380 1564 Divisa
399 1505 533 1564 aheneae
554 1505 669 1562 securis
693 1507 828 1576 verbere,

270 1587 345 1648 Cum
367 1589 409 1646 mi
430 1589 569 1665 sapinum
590 1590 722 1667 stipitem
744 1598 796 1648 aut
816 1598 952 1646 munuum
975 1590 1056 1650 ilicis

193 1685 194 1688 ’
269 1674 435 1733 Frondator
453 1673 563 1749 aliquis
581 1685 613 1732 ut
635 1675 739 1749 opifex
758 1674 915 1746 lumarins,

268 1760 392 1818 Illustre
413 1758 525 1817 collum
548 1761 719 1836 frangeret
741 1771 858 1836 tergum
881 1769 1000 1837 patens,

269 1845 308 1902 Et
331 1861 422 1902 omne
445 1846 555 1902 acerba
576 1845 736 1902 lancinans
759 1864 870 1920 corpus
892 1865 980 1904 cruce

268 1931 400 1988 Excetra
422 1929 525 2004 dipsas
546 1931 707 1988 imminens
729 1931 908 2002 cervicibus,

228 2018 235 2038 ³
269 2015 335 2074 Iras
359 2033 479 2072 amarae
499 2015 570 2074 bilis
595 2015 729 2090 explebit
751 2033 833 2085 suas,

269 2099 311 2158 Ut
332 2119 395 2158 non
418 2099 510 2157 duelli
530 2101 595 2158 iure
615 2109 743 2176 ceptam,
763 2108 795 2156 at
819 2102 981 2158 succubam

271 2183 400 2245 Stimulo
421 2184 532 2242 furoris
551 2186 613 2243 ulta
638 2205 687 2243 me
707 2185 896 2262 implacibili,

271 2268 379 2330 Surdis
403 2270 534 2346 querelis
559 2271 716 2348 coniugem
740 2271 876 2329 clamans
894 2271 1010 2341 herum,

270 2353 398 2414 Curram
420 2363 544 2430 repente
568 2356 733 2414 convolans
758 2355 928 2432 perniciter.

271 2438 333 2500 Sed
354 2441 505 2517 Vertagus
524 2441 661 2518 parentis
684 2441 833 2517 indagans
857 2459 973 2513 necem,

270 2523 410 2584 Crudelis
435 2545 540 2585 ensem
564 2535 678 2603 merget
701 2526 779 2583 extis
803 2525 940 2600 viperae:

271 2609 394 2668 Gentile
415 2631 527 2670 sanans
551 2613 696 2689 prodigus
721 2611 834 2668 malum
854 2609 948 2668 malo.

271 2693 334 2755 Sed
354 2697 399 2754 vir
420 2715 516 2768 meus,
538 2716 594 2754 rex
618 2695 779 2755 servientis
802 2695 949 2773 coniugis,

271 2780 398 2857 Lepidis
423 2782 535 2839 coletur
558 2781 720 2858 Spartiatis
742 2783 890 2858 luppiter,

270 2864 429 2923 Honorum
450 2866 578 2942 adeptus
605 2866 715 2926 Oebali
735 2867 814 2925 natis
836 2867 955 2942 vice[s].

269 2950 358 3008 Mens
380 2969 437 3008 nec
455 2952 534 3008 ultra
557 2952 654 3009 cultus
673 2953 864 3028 ignorabitur
896 2945 898 2950 ’

272 3034 442 3096 Oblivicsis
464 3038 589 3096 obrutus
610 3037 756 3095 silentiis:

271 3118 440 3196 Colentque
459 3122 581 3197 templis
603 3122 763 3197 optimates
786 3121 900 3178 Daunii

271 3201 381 3282 Salpas
404 3207 442 3264 ad
462 3227 557 3280 oram,
577 3207 687 3281 quique
711 3215 835 3265 servant
856 3207 1032 3268 Dardanum

269 3291 396 3362 Urbem,
418 3292 538 3367 paludis
560 3292 691 3367 proximi
709 3292 857 3368 voragini.

269 3374 333 3436 Sed
355 3384 385 3434 et
406 3385 548 3438 caventes
568 3377 727 3454 coniugale
749 3378 912 3451 vinculum,
990 3403 993 3410 r

268 3460 373 3520 Pusae
392 3461 525 3520 virorum
547 3462 647 3520 taedio
668 3463 845 3520 deformium

270 3544 376 3606 Comis
400 3555 539 3606 recenter
559 3547 703 3606 Hectoris
728 3548 897 3605 nitentium.

268 3631 439 3710 Insignium
463 3633 579 3692 formae
603 3642 654 3690 aut
675 3633 756 3691 notis
776 3633 933 3703 natalium,

268 3721 350 3776 Arae
370 3717 493 3776 lacertis
516 3717 750 3794 implicabuntur
770 3737 867 3790 meae,
