3059 4492
639 505 792 600 -lili-

302 671 431 750 Semper
450 672 615 731 anhelabat
635 693 695 748 qno
719 681 772 732 tua
789 674 861 744 vita,
875 674 988 735 locnmt

262 755 348 831 Quod
367 767 470 816 tamen
487 758 568 816 haud
588 759 705 835 pridem
729 760 809 818 cums
830 768 951 836 ereptus
970 763 1088 836 smicis‚

297 845 399 920 Atque
418 842 482 901 illis
505 862 657 918 nunquam
679 844 911 920 conspiciendus
933 847 1019 919 abes,

261 925 410 988 Solvimus
430 927 462 986 in
484 927 637 989 lacrimas.
661 929 778 988 Omnes
800 937 853 986 tua
875 929 964 1007 signa
982 933 1089 1007 secuti,

297 1015 339 1072 Et
359 1013 525 1071 commilitii
543 1022 668 1073 strenus
690 1015 828 1072 membra
845 1015 900 1088 tui,

258 1101 317 1158 Ant
337 1117 502 1157 memorem
526 1099 610 1156 clara
630 1107 780 1158 testantur
802 1116 878 1158 voce
901 1099 1048 1177 dolorem,

297 1186 360 1242 Aut
384 1190 541 1242 contracta
561 1184 641 1242 notis
662 1183 801 1244 tristibus
822 1203 877 1242 ora
902 1196 1019 1262 gerunt.

258 1266 369 1329 Sebam
393 1275 511 1326 matura
533 1268 687 1328 solv'crunt
706 1269 772 1327 fata
793 1278 931 1328 senectae

297 1353 436 1432 Longius
457 1362 506 1413 ast
527 1354 614 1413 nobis
638 1351 720 1414 Seba
742 1354 888 1413 fruendus
913 1364 987 1414 eret.

257 1437 418 1516 Excipitur
440 1436 539 1498 Sebae
561 1440 700 1516 cognatis
723 1439 849 1515 spiritus
869 1440 974 1500 astris:

298 1526 368 1582 Ast·
381 1522 480 1584 Sebas
503 1524 645 1584 interris
668 1524 741 1582 utile
760 1533 868 1601 pectus
891 1538 965 1586 eust

257 1607 325 1666 Non
348 1608 436 1667 caelo
460 1609 626 1668 admissum
649 1609 734 1684 (quid
755 1611 836 1668 enim
857 1610 977 1670 felicius
999 1611 1086 1691 illei)

298 1692 361 1754 Sed
383 1700 483 1752 terrae
503 1700 639 1770 ereptum
658 1693 775 1752 femina
797 1696 902 1770 virque
921 1695 1031 1758 dolent.

170 1837 172 1864 ‚
256 1780 312 1838 Est
334 1778 448 1855 aliquid
468 1779 580 1856 longae
601 1780 692 1837 finem
714 1780 892 1856 promittere
914 1781 1005 1854 vitae,

170 1875 171 1880 ’
296 1865 337 1922 Et
357 1863 430 1921 dare
451 1864 607 1923 discessus
629 1864 760 1942 pignora
780 1874 863 1922 certa
887 1865 945 1937 sui,

257 1949 357 2025 Quum
379 1949 493 2008 sensim
516 1950 650 2008 moriens
672 1950 777 2008 senior
797 1950 975 2026 longaevus,
994 1950 1100 2010 amicis

297 2035 496 2093 Moerendum
518 2034 628 2110 linquit
650 2042 720 2110 post
742 2051 800 2092 sua
821 2035 886 2091 fata
904 2034 992 2105 nihil,
1140 2101 1143 2104 ⁴

256 2121 294 2180 lit
318 2119 477 2178 moriendo
498 2120 607 2196 magis,
631 2137 719 2195 quam
741 2127 874 2178 mortuus
900 2118 995 2176 aflicit
1013 2117 1095 2177 illos.

295 2204 378 2264 Nam
401 2204 527 2282 longum
548 2205 665 2266 senium
689 2203 806 2262 funeris
826 2205 925 2262 instar
944 2204 1043 2262 habet
1154 2255 1158 2263 ,

257 2291 331 2367 Quis
353 2298 455 2348 tamen
472 2289 503 2346 in
518 2298 647 2367 patrem,
661 2307 750 2364 quem
766 2307 884 2348 summa
897 2298 1021 2348 senecta
1032 2289 1169 2363 resolvit,

294 2374 434 2451 Impendi
455 2375 597 2434 lacrimas
618 2375 694 2447 iure,
716 2392 828 2451 negare
846 2374 969 2451 potest?

255 2459 374 2518 Vixerit
395 2460 580 2533 innumeros,
604 2459 741 2534 aequarit
764 2458 919 2531 Nestoris,
941 2477 1052 2531 annos,

296 2545 438 2622 Implerit
461 2545 540 2603 vitae
559 2553 700 2621 tempora
721 2543 815 2621 longa
834 2563 922 2604 suaet

256 2630 439 2688 Immaturae
462 2630 535 2688 obit.
559 2629 688 2688 Pietatis
710 2629 787 2701 iura,
810 2639 969 2705 parentum

295 2714 370 2774 Non
393 2715 484 2787 vitae,
509 2714 643 2774 lacrimis
666 2732 728 2772 non
750 2733 883 2790 posuere
904 2715 1035 2773 modum.
1065 2735 1069 2740 ·

255 2798 366 2860 Nullus
388 2809 422 2857 ut
442 2800 567 2877 optandi
589 2800 761 2876 longaevos
780 2808 917 2875 tempora
938 2801 1029 2872 vitae,

297 2884 349 2946 Sic
370 2884 471 2944 nullus
490 2885 582 2943 flendi
603 2886 712 2943 funera
731 2885 810 2943 finis
826 2885 923 2944 adest

256 2969 355 3045 Quum
373 2980 437 3043 tua,
459 2989 575 3029 summe
597 2971 705 3042 virum,
729 2971 828 3045 pietus
847 2970 997 3048 exegerit,
1018 2978 1052 3027 ut
1073 2975 1103 3026 te

295 3054 466 3115 Possemns
485 3055 558 3114 iusti
579 3056 675 3131 patris
698 3054 812 3112 habere
831 3054 913 3136 loco,

256 3139 332 3215 Quis
356 3149 478 3215 nostras
499 3141 623 3199 damnet
644 3140 810 3198 lacrimas?
832 3140 901 3216 quis
919 3141 993 3197 llere
1010 3144 1168 3214 parentem

295 3226 548 3302 Intempestivum
570 3223 681 3282 dixerit
702 3225 858 3282 officium?

255 3304 362 3369 Stabat
386 3310 612 3387 Olympiadum,
633 3310 743 3382 fateor,
762 3309 823 3367 iem
846 3317 928 3366 meta
944 3317 1076 3377 tuarum,
1121 3345 1126 3353 -

295 3398 396 3471 Atque
418 3397 466 3455 bis
490 3395 667 3454 undecimae
686 3395 794 3454 tertius
817 3411 914 3452 annus
937 3399 1011 3464 erat,

254 3477 380 3538 limeriti
402 3481 523 3556 quando
542 3489 572 3538 te
594 3489 667 3556 post
687 3479 842 3556 stipendia
859 3495 965 3536 cursus

296 3564 479 3642 Composuit
500 3565 622 3642 placido
642 3567 703 3622 line
719 3565 810 3622 beata
835 3562 938 3638 qnies;

255 3647 391 3723 Qualiter
410 3651 545 3709 autumni
566 3658 653 3708 cocto
677 3648 820 3708 flaventia
840 3665 932 3706 succo

294 3735 434 3796 Pendula
451 3753 541 3812 poma
563 3753 619 3795 suo
642 3733 777 3810 pondere
791 3734 877 3793 fessa
901 3731 1021 3791 cadunt
