3059 4492
353 685 431 754 ἴσοις
454 687 597 770 ἀμείβου,
615 690 700 758 «σῶζε
723 690 773 750 τὸν
799 687 941 749 σώσαντιί
964 709 1007 748 σε.
1061 703 1065 706 ·

354 859 416 928 52,
429 859 480 916 Ad
493 863 599 917 Ianum
612 861 742 918 Dousdm
759 859 792 918 V.
804 859 883 916 Nob.
899 860 945 916 De
951 860 1098 920 Mirandis
1109 863 1269 924 Bataviae.

265 945 271 956 '
354 945 500 1022 Ignorata
518 954 587 1002 tuae
609 945 738 1002 referam
761 943 906 1001 miracula
929 952 1037 1016 terrae,

397 1029 513 1101 Densa,
537 1030 707 1106 peregrinis
727 1050 786 1087 non
809 1029 949 1086 habitura
971 1030 1069 1086 fidem.

355 1115 468 1174 Omnia
488 1116 627 1172 lanitium
650 1115 699 1172 hic
719 1115 817 1173 lassat
838 1113 969 1170 textrina
990 1114 1154 1174 Minervae.

396 1201 564 1278 Lanigeros
586 1208 687 1256 tamen
713 1200 783 1256 hine
807 1199 919 1257 seimus
938 1200 1048 1257 abesse
1070 1219 1187 1278 greges.
1277 1227 1280 1234 ·

355 1283 429 1342 Non
451 1285 573 1362 eupiunt
593 1303 701 1360 operas
720 1283 845 1342 fabriles
870 1283 984 1359 oppida
1003 1293 1113 1342 vestra.

397 1369 493 1427 Nulla
513 1369 608 1427 fabris
631 1378 733 1426 tamen
754 1371 829 1426 haee
851 1368 935 1445 ligna
954 1368 1044 1427 minis
1047 1377 1106 1428 trat
1126 1371 1247 1432 humus.

355 1454 475 1512 Horrea
497 1455 547 1511 trit
548 1455 631 1511 iceae
654 1462 795 1530 rumpunt
784 1454 865 1510 thie
887 1441 982 1530 frugis
1006 1457 1115 1513 acervi.

397 1539 534 1598 Paseuus
556 1540 605 1596 hin
628 1547 728 1596 tamen
749 1547 806 1610 est⁷
831 1559 891 1596 non
914 1537 1051 1597 Cerealis
1075 1559 1156 1618 ager.

356 1623 417 1681 Hic
439 1643 604 1682 numerosa
624 1624 699 1682 meri
721 1625 870 1699 stipantur
896 1624 979 1682 dolia
999 1624 1093 1684 cellis·

399 1707 484 1782 Quae
507 1710 608 1767 vineta
630 1709 708 1767 eolat
730 1709 813 1766 nulla
830 1715 953 1784 putator
972 1706 1072 1775 habet.

356 1792 417 1851 Hic
439 1794 532 1866 nulla,
555 1802 606 1851 aut
631 1803 711 1852 certe
734 1813 822 1870 seges
846 1801 893 1862 est
912 1794 1071 1852 rarissima
1092 1795 1155 1853 lini.

399 1878 565 1936 Linifieiit
553 1887 655 1937 tamen
680 1887 727 1938 est
749 1879 836 1955 eopia
857 1880 955 1937 maior
974 1880 1069 1937 ubi?

356 1961 417 2021 Hie
436 1964 545 2022 mediis
565 1965 717 2022 habitatur
739 1965 925 2055 equiequis
950 1965 1071 2022 credere
1092 1967 1212 2040 possit?

399 2050 438 2107 Et
459 2058 560 2107 tamen
581 2051 630 2107 hie
649 2038 762 2123 nullae,
783 2049 898 2122 Dousa‚
916 2050 1023 2108 bibunt
1011 2057 1058 2107 tur
1077 2069 1182 2126 aquae.

699 2138 782 2192 Idem
806 2134 923 2193 Graece.

349 2211 481 2297 Υμετέρ
467 2238 520 2296 ρης
545 2214 624 2298 ἐρέω
649 2215 785 2299 νηπεοθέ
788 2239 808 2277 α
829 2216 973 2298 {inruperunt
992 2216 1090 2299 γαίης,

399 2297 568 2408 Δοοριοίδη,
593 2300 728 2362 δύσπιατ’
753 2300 994 2367 ἀλλοδαποῖς
961 2323 1048 2363 αιειν.

358 2381 479 2445 ἐνταῦθ’
501 2383 597 2447 οὐκ’
580 2409 617 2467 αρ
620 2390 697 2447 κοῦσ
701 2384 825 2466 ἐρίοις
848 2387 971 2453 ἱατῶνες
989 2355 1133 2468 Ἀθήνης.

400 2472 470 2529 πῶϋ
493 2469 529 2532 δὲ
553 2469 735 2578 φροῦδον”’
713 2491 793 2531 απαν
815 2467 984 2552 εἰροπόκων
1008 2470 1092 2532 ὀΐων

357 2550 454 2614 ἄστεα
477 2555 653 2657 χειροβίοος
681 2553 717 2616 οὐ
738 2559 840 2636 χωρεῖ
857 2553 999 2622 τέκτονας
1019 2553 1115 2638 ἄνδρα
1118 2577 1141 2622 ς.

401 2636 566 2741 ἐργασίμης
588 2639 615 2699 δ’
630 2639 704 2719 ὕλης
727 2637 820 2698 ἐπ”
796 2637 997 2742 αχόρηγονι
983 2639 1061 2706 ἕ.δος

359 2719 535 2788 σιτοδόκους
557 2726 656 2804 πυροῦ
679 2721 776 2829 σωροὶ
795 2722 917 2805 ρηγνῦσι
938 2725 1054 2791 καλιάς.

401 2805 587 2890 βούβοτοςὴ
607 2809 681 2915 γαίη
707 2805 776 2885 δ’,[]
801 2806 836 2868 οὐ
831 2806 1028 2912 φιλόπαρος
1049 2805 1118 2892 ἔφυ.

358 2887 485 2952 ἄπλετοι
508 2889 565 2951 ὧδ’
588 2889 682 2952 οινοιο
706 2913 839 2972 νενασρε
842 2913 890 2952 ναι
914 2893 971 2954 εἰσὶ
990 2891 1143 2955 πιῦοἱκναι.

401 2972 528 3041 οὐδενὸς
556 2975 719 3037 οἰνοπέδοο
745 2975 774 3037 δ’
796 2976 858 3036 ἐστὶ
882 2977 1065 3060 ιροτιριορίη.

358 3058 544 3141 οὖδαμὸςςῆ
570 3061 704 3132 σπάνιος,
726 3061 801 3142 τῇδε
823 3058 935 3141 σπόρος
957 3061 1020 3123 ἐστὶ
1040 3062 1145 3123 λίνοιο.

399 3166 493 3206 που
483 3167 558 3205 τοτε
583 3146 610 3206 δ’
631 3146 689 3206 εἰσὶ
714 3145 797 3206 λινοο
822 3145 960 3213 πλείονες
986 3145 1140 3230 ἐργασίας

283 3240 286 3245 ’
358 3228 451 3290 οἰκίαι
472 3230 529 3290 εἰσὶ
550 3229 738 3311 μέσοισινέν
764 3229 863 3290 υδασι.
886 3229 928 3296 τις
949 3253 983 3292 κε
1007 3231 1145 3306 πίθοιτος

408 3286 628 3395 Υδροποτεῖδ’
653 3314 754 3380 οὐδεὶς
779 3312 900 3390 ἐνθάδε,
922 3317 1090 3398 Δουαιάδη.

450 3412 526 3474 Lugd
554 3413 612 3460 But.
632 3427 700 3460 anno
721 3409 795 3461 1600.

529 3567 582 3641 [53
625 3571 772 3626 discedens
793 3568 887 3626 Roma
907 3587 982 3624 auno
1008 3568 1098 3625 1566.

357 3647 507 3726 Spurcum
531 3652 659 3709 cadaver
678 3654 827 3729 pristinae
848 3652 1026 3724 venustatis,

357 3735 463 3814 Imago
485 3734 580 3811 turpis
605 3737 744 3812 puritatis
769 3738 920 3812 antiquae,
