3059 4492
718 497 869 593 —1-46—

338 663 438 731 Οὐδὲν
459 659 642 747 γλοκῦτερόν
667 661 757 740 ἐστιν,
776 664 797 746 ἢ
817 661 905 726 πάντ’
928 660 1054 725 εἰδέναι.
1138 681 1141 686 ·

461 772 480 830 ῖ

338 749 439 816 Οὐδὲν
482 747 584 831 υρίνου
608 747 765 832 βατράχου
790 749 980 831 σοφώτερος.

338 833 438 900 Οὐδὲν
462 831 618 895 λέλειπται
638 834 698 892 τῶν
720 831 803 914 ἐμῶν
827 831 896 894 οὐδ’
919 830 1063 916 ἔγκαφος.

338 917 439 984 Οὐδὲν
461 916 619 984 πέπονθας
641 917 750 991 δεινὸν,
773 917 800 978 εἰ
824 916 865 998 μὴ
889 919 1062 1000 προσποιεῖ.

339 1001 440 1069 Οὐδὲν
465 1001 497 1063 0'
515 1000 621 1084 ἀνήσει
642 1001 764 1085 βολβὸς,
786 998 821 1063 ἀν
846 1000 887 1081 μὴ
910 999 996 1082 νεῦρ’
1021 997 1107 1084 ἔχης.

337 1085 439 1153 Οὐδέν
463 1087 573 1169 φρονεῖ
594 1084 710 1148 δίκαιον
735 1085 869 1152 ἐστυκὼς
888 1084 975 1167 ἀνήρ.

340 1168 419 1237 Οῦθ’
443 1171 584 1254 ἡλιοῦται
607 1172 774 1246 παντελῶς,
798 1167 870 1232 οὔθ’
895 1169 989 1231 ῦεται.

340 1252 405 1320 Οῦκ
426 1253 461 1318 ἀν
485 1253 602 1336 γένοιτο
622 1255 755 1338 χρηστὸς
778 1253 813 1316 ἐκ
834 1257 930 1316 κακοῦ
952 1244 1076 1335 πατρός.

339 1336 405 1405 Οὐκ
426 1337 461 1402 ἀν
486 1336 608 1421 μύροισι
624 1344 718 1421 γραῦς
741 1337 825 1401 ἐοῦσ’
848 1338 992 1421 ἠλείφεο.

339 1421 406 1488 Οῦκ
430 1421 465 1486 ἀν
490 1421 586 1483 πάθοι
606 1423 740 1506 τάριχος,
764 1423 866 1505 ὧνπερ
892 1420 984 1491 ἄξιος.

343 1504 409 1571 Οὐκ
432 1506 494 1589 εἰμὶ
516 1506 641 1569 τοότων.
666 1510 725 1568 τῶν
747 1505 806 1589 γάρ
820 1503 940 1588 ’ἡρώων
964 1505 1036 1587 ἐγὼ,

381 1595 495 1654 κακοῦν
520 1590 650 1673 ἑτοίμων
672 1594 801 1672 μᾶλλον,
822 1592 842 1674 ἣ
867 1590 1046 1674 εὐεργετεῖν.

341 1670 406 1738 Οὐκ
426 1673 488 1737 ἔστ’
513 1673 529 1734 ἐ
555 1674 587 1736 δν
608 1675 642 1738 τδ
663 1679 798 1758 πρᾶγμα,
819 1674 921 1738 πολλὰ
941 1673 1086 1760 χαιρέτω.

340 1756 407 1828 Οὐκ
429 1757 492 1821 ἔστι
516 1698 651 1826 Ῐλειθοῦς
673 1759 753 1842 ἱερὸν
777 1757 865 1835 ἀλλο,
884 1759 963 1842 πλὴν
987 1757 1087 1842 λόγος.

340 1839 407 1906 Οὐκ
429 1842 508 1905 ἔστιν
533 1841 614 1910 όστις
634 1843 720 1906 πάντ’
744 1842 820 1928 ἀνὴρ
843 1843 1031 1926 εὐδαιμονεῖ.

340 1923 407 1990 Οὐκ
452 1927 517 2003 θος,
540 1925 621 1990 ἀλλά
644 1929 697 2010 τὴν
722 1929 771 2012 τρί
794 1927 802 1953 '
827 1929 970 1990 ἀλλάττει
991 1926 1092 1996 λόκος.

335 2007 409 2096 ’οψ’
455 2011 546 2088 λθες,.
560 2011 640 2073 ἀλλά
661 2012 689 2094 γ’
715 1951 925 2080 είςόίολωνδν
949 2012 1026 2074 ίεσο.

341 2093 458 2178 Πάγαις
477 2096 604 2178 ἀλώπηξ
629 2093 718 2165 αὖθις
738 2097 798 2181 οὐχ
818 2098 983 2160 ἁλίσκεται.

341 2177 444 2244 Πάλαι
466 2180 536 2242 ποτ’
558 2179 637 2264 ἦσαν
661 2180 785 2263 ἄλκιμοι
806 2179 963 2265 Μιλήσιοι.

341 2261 595 2348 Παλινδρομῆσοιι
619 2268 746 2348 μᾶλλον,
769 2268 788 2350 ἢ
809 2272 912 2334 κακῶς
932 2267 1070 2350 δραμεῖν.

341 2349 406 2415 Πᾶν
426 2371 473 2410 τοι
495 2348 659 2432 γενόμενον
682 2351 843 2414 κατθανεῖν
865 2350 1033 2434 ὀφείλεται.

341 2432 432 2516 Παρά
458 2433 512 2516 μὲν
537 2433 697 2496 θάλασσαν
709 2436 885 2518 περίπατος,
897 2434 982 2518 παρὰ
1000 2438 1056 2517 γῆν
1072 2433 1100 2498 δ’
1113 2438 1130 2500 δ
1145 2438 1254 2505 πλοῦς.

334 2517 407 2584 ΙΠῦις
430 2516 493 2579 ἐστι
508 2517 611 2602 δοόλῳ
636 2518 786 2602 δεσπότης
806 2519 1048 2605 μονοσάλλαβος.

341 2600 466 2684 Πάσησι
487 2602 687 2684 κοροδαλοῖσ’
712 2602 826 2667 ἐνεῖναι
846 2603 905 2688 χρὴ
928 2603 1037 2687 λόφον.

341 2684 554 2753 Παταικίωνος
575 2690 885 2772 σοκοφαντικιίιτερος.
906 2742 908 2745 .

342 2767 462 2849 Παγεῖα
483 2769 597 2852 γαστὴρ
621 2771 731 2832 λεπτὸν
754 2772 792 2835 οὐ
811 2773 903 2834 τίκτει
923 2771 1004 2834 νόον.
1089 2777 1256 2858 [παχεῖαί]

342 2851 429 2924 flet*
452 2853 578 2937 βαδίζω.
599 2858 660 2916 νεῖν
683 2854 740 2939 γάρ
763 2855 820 2918 οὐκ
841 2855 1014 2938 ἐπίσταμαι.

342 2935 464 3001 Πείθειν
486 2936 542 3020 γὰρ
566 2936 631 3002 οἶδε
655 2940 706 3001 καὶ
726 2939 847 3022 πέφυκε
867 2941 908 3024 μὴ
930 2940 1041 3022 λέγων.

342 3020 489 3086 Πεινιῖιντι
518 3021 656 3085 κλέπτειν
679 3021 740 3086 ἔστ’
767 3025 941 3106 ἀναγκαίως
964 3023 1047 3110 ἔχον.

342 3103 439 3169 Πενία
460 3106 517 3190 γάρ
540 3106 657 3190 ἐστινὴ
681 3107 802 3192 τρόπων
825 3110 1018 3178 διδάσκαλος.

342 3187 455 3254 Πέπων
480 3190 578 3274 έρινδς
598 3195 756 3262 παντελῶς
779 3195 904 3278 ἀχρεῖος
928 3195 970 3257 ὤν

385 3276 429 3343 εἰς
450 3276 574 3360 βρῶσιν,
598 3275 712 3345 ἀλλους
735 3277 915 3362 ἐξερινάζεις
937 3277 1038 3364 λόγως

343 3354 508 3442 Περνιῖιντα
531 3361 581 3422 τδν
603 3363 772 3446 χαραδριδν
799 3362 995 3446 μιμούμενος.

343 3438 471 3505 Πίνοοσ’
493 3444 622 3528 ὁμίχλην
645 3449 699 3529 τῆς
718 3448 866 3531 πονηρίας
890 3448 993 3513 κακοί.

342 3521 458 3594 Ποθεῖς
473 3528 524 3589 τδν
548 3528 584 3591 οὐ
604 3529 741 3614 παρόντα
761 3532 813 3594 καί
834 3533 929 3615 μάτην
950 3536 1064 3602 καλεῖς.

343 3605 473 3678 Πόλεως
496 3611 631 3697 ἁλούσης
652 3615 761 3684 πάντες
784 3614 823 3678 αί
846 3617 979 3700 φροῦδοι
999 3617 1078 3681 θεοί.

343 3689 443 3756 Πολιὰ
465 3693 579 3778 χρόνου
602 3699 795 3781 μήνυσις,.οὐ
820 3701 1009 3785 φρονήσεως.
