3059 4492
722 469 873 564 Q—

385 633 556 696 Restabent
573 637 652 696 curis
675 641 811 714 praemia
833 641 932 699 denda
950 639 1024 698 tuis:

343 717 405 780 Sed
426 720 507 779 Mors
532 721 654 781 invidit:
675 744 713 782 ne
734 727 785 799 qui
807 725 989 803 pubentibus
1012 726 1101 786 annis

384 806 542 881 Aequssti,
561 827 672 883 posses
693 810 890 886 praeteriisse
913 809 1006 868 viros.

387 972 435 1032 ll.
476 975 515 1033 In
534 977 641 1035 obitrrm
667 977 700 1036 V.
726 977 757 1035 0.
781 979 934 1037 Freneteci
954 981 1035 1038 Iunii
1055 979 1209 1059 Bituripie.

341 1057 420 1131 Iuni,
444 1077 532 1132 quem
554 1062 647 1120 modo
668 1062 777 1120 litteris
797 1071 952 1139 potentem

341 1142 431 1202 Pleni
451 1141 612 1222 Gymnusii
631 1147 788 1221 frequente
811 1153 899 1206 coetu

343 1225 492 1305 Cingebut
513 1231 621 1290 docilis
645 1250 757 1291 corona
779 1233 867 1307 pubis

341 1311 443 1371 Docto
465 1316 600 1390 pendulo
622 1316 801 1375 disserentis
826 1337 894 1376 ore:

341 1400 383 1456 At
402 1416 492 1472 nunc,
515 1421 533 1458 o
556 1402 652 1461 series
672 1402 777 1476 iniqua
797 1419 909 1476 rerum,

342 1481 456 1541 Tactus
479 1485 579 1543 sidere
600 1487 774 1562 pestilentis
797 1507 889 1545 auree

342 1565 398 1627 Sol
419 1568 605 1643 pallentibus
628 1572 739 1630 occidis
761 1574 913 1631 tenebrisl

342 1651 388 1709 Te
410 1671 552 1713 moerens
575 1656 678 1714 sobole
698 1657 750 1714 flet
775 1676 862 1715 suum
880 1657 1067 1734 magistrum,

342 1737 428 1796 Orbe
445 1738 587 1798 Ecclesia
608 1749 639 1797 te
663 1759 749 1798 suum
772 1752 940 1818 parentem,

341 1820 508 1882 Doctorem
533 1825 627 1902 gemit
648 1827 731 1885 orbis
752 1827 921 1886 universus.
952 1849 956 1856 “

341 1905 441 1981 Flent,
464 1911 551 1981 flent;
573 1929 631 1968 non
654 1912 699 1968 uti
720 1911 829 1989 vulgus
851 1912 1020 1988 imperitus,

342 1992 440 2067 Quem
460 1996 585 2054 morbus
609 1995 698 2054 docet
718 1997 798 2074 ipse,
821 1999 893 2073 quid
912 1997 1013 2056 valere
1033 2003 1091 2068 est,
1138 2015 1142 2021 ’

341 2073 454 2150 Quanti
477 2089 524 2140 est
545 2080 638 2153 filius,
662 2083 792 2140 orbitate
812 2083 912 2155 discit,
933 2126 937 2132 .

342 2160 400 2234 Qui
422 2183 478 2223 nec
501 2165 630 2240 denique
652 2167 724 2241 quid
744 2167 856 2243 potitus
878 2168 953 2226 olim
977 2175 1035 2240 est,
1126 2189 1130 2196 ’

342 2244 402 2306 Sed
425 2250 498 2325 quid
520 2251 693 2326 perdiderit,
716 2253 797 2311 solet
813 2261 931 2330 putare.

340 2332 376 2390 In
397 2341 427 2391 te
446 2335 539 2412 longe
559 2335 620 2392 alic
640 2345 687 2394 est
707 2338 898 2396 vicissitudo:

340 2415 408 2475 Nec
430 2428 560 2495 quantus
583 2421 689 2493 fueris,
712 2423 843 2480 carendo
868 2423 968 2497 discit,

341 2501 401 2576 Qui
422 2504 482 2562 vivi
508 2505 646 2562 meritum
668 2509 842 2565 aestimavit
862 2508 942 2566 olim.

339 2586 380 2644 Et
402 2607 480 2646 nunc
503 2590 624 2648 conscie
643 2592 784 2666 publicae
803 2593 947 2666 querelae

340 2671 505 2747 Postquam
529 2675 629 2732 tristia
652 2683 681 2732 te
706 2677 803 2734 tulere
824 2677 899 2750 fate,

339 2756 379 2813 Et
401 2758 513 2817 clarum
534 2757 620 2816 iubar
639 2761 793 2818 abstulere
811 2762 940 2834 mundo,

339 2839 409 2910 Nos
431 2843 503 2917 quid
521 2843 720 2919 perdidimus,
743 2846 815 2920 quid
837 2856 868 2905 et
886 2847 1045 2906 dolendum
1068 2856 1126 2921 est,

338 2924 411 2985 Non
436 2928 548 2987 scimus
571 2930 679 3006 magis,
700 2939 731 2988 at
751 2933 849 3008 magis
871 2933 1016 2992 dolemus.

424 3023 578 3142 LugdABet.
591 3024 700 3142 &babos
711 3027 784 3076 horis
795 3036 855 3092 post
867 3029 979 3078 mediam
995 3036 1095 3078 noctem
1106 3028 1134 3077 ln
1148 3028 1255 3080 lectulo.

517 3106 571 3142 nuo
642 3107 666 3142 ·.
958 3116 962 3124 r
989 3124 992 3130 ι
1163 3127 1167 3132 ·

371 3247 418 3306 15.
463 3248 627 3324 Epicedion
647 3251 797 3310 Adeodati
819 3250 914 3310 Setae
926 3251 1089 3328 [Theodori
1099 3249 1225 3327 Beroe}

239 3346 243 3358 ⁴
338 3329 449 3408 Magne
473 3351 579 3408 senex,
602 3335 668 3392 miti
691 3355 781 3412 quem
799 3338 905 3396 funere
931 3357 1027 3414 nuper
1047 3336 1200 3407 sdemtum

380 3416 577 3497 Allobrogum
600 3420 684 3478 molli
706 3422 823 3498 cespite
845 3422 927 3480 velet
947 3423 1067 3496 humus,

339 3499 486 3580 Quemvis
506 3513 630 3564 esterna
652 3506 728 3564 caeli
748 3509 874 3584 regione
894 3515 1049 3584 receptum

381 3584 426 3643 Te
446 3599 572 3660 seposte'
593 3591 653 3667 piis
676 3593 817 3652 menibus
842 3592 913 3649 nula
932 3599 1025 3663 tenet,

337 3669 463 3746 Iamque
481 3690 514 3730 es
536 3673 664 3734 decurso
686 3677 785 3750 spatio
809 3676 926 3734 delatus
944 3676 976 3732 in
997 3676 1111 3751 ipsum,
