3059 4492
726 475 877 571 ,3³²-

386 643 438 705 καλ
457 641 530 711 τοῦς
555 642 593 726 έμ
615 664 631 710 ς
653 643 707 725 μέν
729 641 976 726 δυσμινιοτάτης
999 640 1119 725 στίβους

389 727 561 811 ἰχνηλατεῖν
585 666 661 804 oiss‘,
683 726 824 874 εὐτυχεῖν
846 727 882 790 δέ
900 730 965 793 τοῖς
986 722 1117 808 τρέμειν.

386 812 439 877 καὶ
460 811 514 894 τὴν
537 811 669 896 ἐρῶντος
689 811 731 877 εἰς

389 898 642 980 μιταλλαγεῖσαν,
665 892 700 958 ἔκ
722 895 751 958 τ’
772 897 948 979 ἀνωμάλων
972 894 1058 961 ὅπως

385 984 532 1049 παντοῖος
554 979 623 1065 όψιν
646 981 769 1064 γίνομαι
791 981 916 1062 κοίτην
937 977 1035 1064 χρόαν

388 1070 497 1148 μικροῦ
515 1065 662 1147 γέλωτος,
684 1066 736 1129 καὶ
759 1069 884 1149 μακρῶν
904 1065 1098 1147 ὀδυρμάτων,

388 1150 473 1235 ψυχή
497 1172 530 1212 τε
552 1152 618 1217 πῶς
640 1153 680 1234 ζῇ
699 1149 828 1234 καρδίας
848 1147 1007 1218 ἀπόξενος.

389 1234 456 1297 οἶδ’
481 1233 513 1304 ἐξ
538 1234 674 1317 ἐμαυτοῦ
699 1234 780 1318 μυρί’
803 1233 1012 1318 ηπατημένος,

387 1318 439 1381 καὶ
461 1318 687 1402 δυστέκμαρτον
708 1324 769 1402 πῦρ
793 1319 867 1401 ἐμὸν
894 1319 1058 1401 διζήμενος

386 1402 507 1486 θέρμην
532 1402 671 1478 ἄπωθεν,
690 1409 788 1489 χεῖμα
810 1402 843 1466 δ’
868 1402 994 1486 ἐγγύθεν
1018 1402 1149 1471 σπάσας.

388 1485 451 1550 οἶδ’
472 1491 515 1556 ὡς
530 1484 632 1570 Ἔρως
655 1486 786 1552 ἔναυλον
808 1487 839 1550 ἐν
862 1487 953 1572 φρεσὶ
975 1486 1093 1572 βρέμει,

387 1572 511 1635 καὶτὸν
536 1573 681 1655 λογισμὸν
704 1571 843 1655 στηθέων
868 1572 961 1635 πάντ’
984 1573 1116 1635 ἐκπτοεῖ.

388 1656 528 1724 καὶπῶς
550 1655 657 1738 τέτηκε
679 1657 791 1741 καρδία
813 1656 1026 1740 πολυτρόπως.

389 1739 447 1803 οἶδ’
472 1739 589 1825 όσσίχιρ
613 1743 668 1825 μὲν
692 1741 894 1825 εὐγενεστάτη
917 1740 1034 1827 βρόχιρ,

391 1823 463 1888 όταν
486 1825 605 1908 μονάζη
627 1830 741 1895 παντὸς
757 1825 962 1910 ἠρημωμένη,

390 1909 474 1995 ψυχὴ
495 1914 660 1992 κρατεῖται,
688 1913 729 1997 μὴ
751 1913 781 1974 δ’
806 1910 986 1982 ὑπασπίζων
1008 1911 1102 1994 πάρα.

390 1994 443 2058 καὶ
463 1992 518 2065 τὰς
538 1996 683 2076 ποιήσεις
699 1998 752 2064 τάς
772 1995 808 2059 θ’
830 1993 1001 2079 ἑκηβόλοις
1017 1993 1123 2071 τυπὰς,

390 2077 515 2146 καὶτὰς
536 2079 675 2154 ἀπειλὰς,
698 2080 752 2148 τὰς
775 2081 871 2166 βολάς
895 2080 920 2142 τ’
942 2079 1105 2164 ἐπίσταμαι

391 2162 517 2247 ἔρωτος,
538 2166 580 2231 ὥς
604 2164 711 2249 βίαιος,
734 2169 777 2233 ὡς
798 2165 974 2241 ἐπίκλοπος,

392 2249 477 2315 ὅπως
499 2249 615 2331 ὁμοίως
636 2249 692 2314 οῦκ
716 2250 763 2312 ἀεὶ
788 2251 983 2333 τροχηλατεῖ.

390 2336 433 2400 ὥς
452 2331 538 2400 ἐλπὶς
559 2333 595 2395 οὐ
619 2334 753 2417 δηναιὸς,
777 2335 881 2416 αἰανὲς
899 2334 928 2396 δ’
953 2333 1041 2418 ἄχος,

388 2417 474 2480 κιναὶ
496 2417 530 2478 δὲ
550 2418 648 2501 πάντη
672 2420 804 2482 πίστεων
827 2417 1020 2502 ὑποσχέσεις.

390 2505 433 2571 ὥς
457 2500 574 2568 ὀστέοις
597 2503 651 2584 μὲν
675 2503 774 2585 καῦμ’
797 2503 969 2585 ἐπάργεμον
991 2501 1111 2586 φλέγει,

389 2584 511 2732 ιιι
525 2586 764 2740 λιιι
785 2585 1105 2741 ιιιιλι.

389 2756 433 2822 ὣς
456 2693 508 2815 οῦγν
533 2692 685 2835 έρώρνόόιν,
712 2696 793 2831 omi,
814 2696 1020 2839 θράθφόδειλος
1044 2693 1123 2841 βίοςῗ

388 2838 504 2904 πλάνος
523 2859 555 2898 τε
577 2838 753 2925 κᾴβέβαιος,
777 2846 820 2910 ὡς
842 2842 938 2904 εἰπεῖν
962 2838 1046 2908 ἔπος.

389 2925 432 2991 ὥς
450 2921 545 2984 πόλλ’
564 2923 679 3008 ἀδευκῆ
696 2923 826 3005 γλυκέος
844 2927 969 3009 ἡττᾶται
988 2927 1107 3007 μικροῦ.

386 3006 451 3091 ἤθη
471 3029 503 3068 τε
524 3007 650 3085 τούτων,
674 3011 711 3072 τά
733 3033 765 3072 τε
788 3010 878 3094 μέλη,
901 3009 1043 3077 καὶτοὺς
1066 3006 1206 3089 στόνους,

388 3094 422 3155 τὸ
447 3090 571 3175 φθέγμα
594 3095 623 3155 τ’
646 3093 765 3171 ἄτονον,
789 3094 843 3164 τὰς
864 3095 975 3177 μεταξύ
999 3094 1026 3156 τ’
1049 3092 1219 3177 ἀναβολὰς,

390 3176 513 3262 βραχμὴ
529 3175 662 3258 γέλωτα,
675 3180 726 3242 καὶ
740 3179 843 3263 μακρὰ
857 3181 1059 3261 στενάγματα,
1094 3178 1266 3264 [βραχῦνί]

389 3262 533 3346 ἀψινθίου
557 3269 666 3327 τετοῦ
690 3267 874 3349 μελικρήτου
894 3261 991 3345 πόμα.

432 3360 490 3410 Ηοο
505 3361 664 3424 poematium
684 3363 751 3413 inter
771 3365 938 3428 equitandum
953 3362 1071 3412 vertebat
1083 3361 1135 3413 Ιοι.
1147 3361 1266 3426 Scaliger

498 3430 526 3478 in
544 3430 696 3482 Pictonibus
715 3430 872 3491 ann01563‚
891 3431 1009 3481 oblatum
1028 3431 1116 3480 statim
1133 3430 1265 3482 Nobilius.

496 3497 631 3551 Ludovieo
647 3500 792 3552 Ουειυιιοιιο
812 3500 987 3565 Βιιρίροιιιο,
1009 3501 1037 3548 in
1053 3501 1214 3550 monasterio
1235 3499 1264 3552 S.

498 3567 596 3620 Mariae
615 3568 652 3618 De
666 3567 858 3620 Misericordia.
900 3567 1025 3636 Oblatum
1042 3569 1122 3619 etiam
1138 3568 1178 3620 M.
1198 3569 1267 3621 Ant.

496 3635 600 3688 Mureti
623 3653 690 3689 ιιιιιο
710 3635 785 3689 1565.

772 814 911 896 ριόμενον
933 809 1025 894 φῦσιν
