3059 4492
751 519 772 578 8

346 690 421 749 Eius
443 688 587 766 exprimit
607 708 669 748 ore.

305 777 395 837 Hanc
415 775 502 834 nefas
527 774 592 834 sine
614 792 755 852 compare

349 859 495 921 Solitaria
515 858 665 917 caelibum

347 946 431 1004 More
451 952 588 1022 tempora
608 945 728 1015 ducere,

347 1028 416 1089 Nec
437 1030 494 1088 tori
515 1031 607 1102 bona,
629 1048 686 1087 nec
705 1045 774 1085 mea

348 1113 452 1173 Nosse
471 1114 607 1190 praemia
626 1122 724 1173 natos.

305 1197 380 1258 Non
402 1199 448 1258 eis
471 1199 536 1272 tibi,
559 1219 622 1257 non
642 1199 687 1258 eis

348 1283 432 1343 Nata
451 1284 517 1362 iilia
537 1283 667 1360 iegibus,

326 1374 328 1377 ’
349 1369 393 1429 Ut
413 1368 493 1426 domi
516 1367 628 1427 sterilis
652 1369 763 1428 sedens

352 1452 533 1530 Carperetur
553 1453 677 1513 inutiles

349 1538 444 1616 Virgo
466 1538 579 1596 nubilis
601 1557 710 1598 annos.

307 1623 431 1699 Quaere
451 1623 502 1698 qui
522 1625 649 1700 propria
667 1631 750 1682 tuum

339 1707 468 1766 ,Fulciat
490 1709 570 1766 serie
591 1727 698 1787 genus,

349 1791 396 1850 Te
420 1793 580 1869 nepotibus
600 1801 710 1872 augeat

350 1875 451 1952 Seque
471 1878 603 1936 sufficiat
621 1879 686 1952 tibi,

350 1961 397 2019 Te
419 1963 520 2038 perire
541 1964 680 2022 vetando.

307 2046 354 2105 En
376 2058 499 2122 paratus
521 2048 608 2107 adest
630 2049 696 2124 tibi,

350 2130 429 2189 Vota
450 2134 502 2207 qui
522 2141 645 2210 superet
667 2141 719 2195 tua

348 2216 486 2274 Patrium
508 2218 654 2278 decorans
677 2222 774 2280 solum

352 2299 484 2378 Gaspar‚
508 2311 538 2360 et
560 2303 675 2364 Frisios
696 2325 766 2366 suos

349 2384 443 2444 Flore
464 2386 564 2464 gentis
587 2389 700 2449 avitaez

309 2468 417 2544 Qualis
441 2471 480 2528 ad
501 2472 628 2530 vitream
651 2475 764 2534 Thetin

351 2554 444 2612 Venit
462 2557 612 2616 Aeacides
635 2578 732 2634 suam,

240 2666 245 2674 ¹
268 2678 271 2684 -
351 2636 458 2715 Nupta
472 2659 533 2715 qua
550 2643 660 2718 cupido
680 2645 751 2703 data
770 2652 816 2704 est

351 2722 449 2782 Nocte
470 2725 588 2785 lucibus
613 2730 752 2789 omnibus

352 2806 480 2887 Semper
501 2811 709 2887 anteferenda,

308 2892 451 2951 Prodeat.
476 2898 675 2969 nequeenim
697 2917 793 2958 mora.
864 2952 866 2955 .

352 2976 532 3056 coniugalia
554 2983 697 3042 suavibus

350 3062 470 3142 Pangat
494 3066 600 3124 oscula
622 3069 728 3141 saviis,

351 3148 552 3225 Brachiisque
573 3154 730 3212 tenacibus

353 3231 440 3292 Oolla
462 3236 575 3293 vinciat
595 3239 713 3298 Annae,

310 3314 412 3376 Verba
433 3339 471 3377 ne
491 3330 614 3379 careant
638 3323 709 3395 fide,

354 3402 460 3477 Ocius,
481 3407 576 3481 pueri,
597 3409 656 3465 huc
675 3427 732 3486 aga

353 3484 520 3548 Convenite
539 3490 715 3569 Cupidines.

353 3571 411 3644 Ite,
431 3573 549 3648 spicula
572 3579 720 3655 stringite,

352 3655 502 3732 Expedite
522 3661 691 3736 pharetras.

312 3739 385 3816 Qua
402 3741 505 3801 tidelia
529 3747 654 3824 cuspide
