3059 4492
706 481 856 576 Α

324 647 473 720 Persona,
493 648 623 724 primum
645 666 735 725 quem
756 651 812 708 tibi
830 650 1035 727 imposiveris,
1124 690 1127 695 ·
1176 693 1179 700 ·

324 733 373 794 Ad
397 732 533 791 ultimum
554 752 650 809 usque
672 735 843 810 perferatur
865 736 987 797 exitum.

324 817 392 876 Nee
413 817 444 875 in
463 836 587 877 recessu
608 818 781 879 solitudinis
803 821 886 878 ferae
940 862 944 868 ·

324 906 420 962 Actus
442 904 584 964 honestos
602 904 762 980 squallidis
785 905 913 963 inertiae

325 988 447 1045 Damna
468 989 612 1048 tenebris.
636 987 697 1047 Cur
717 991 891 1064 relinquens
911 998 942 1047 te
965 989 1054 1060 ioris,

326 1071 372 1132 Te
394 1071 499 1132 rursus
522 1073 595 1132 elibi
612 1074 755 1148 quaeris?
777 1073 945 1134 Hominum
968 1093 985 1132 e
1008 1074 1146 1133 coetibus

325 1157 421 1217 Exire
440 1159 576 1235 ineptum
599 1167 656 1232 est,
680 1165 842 1236 antequem
864 1179 881 1218 e
903 1160 966 1218 vite
987 1177 1092 1218 exeas.

605 1329 635 1389 3.
678 1329 789 1386 Doctus
808 1333 839 1386 in
863 1331 951 1388 Aula.

327 1409 436 1470 Cultor
457 1409 619 1469 Camoenis
646 1412 737 1470 debiti
761 1413 874 1471 silentii

325 1495 459 1555 Finxere
479 1503 582 1570 pectus
605 1497 652 1552 cui
670 1497 796 1572 politum
820 1498 937 1571 literae,

326 1580 448 1642 Venisti
470 1579 503 1638 in
521 1581 621 1638 aulem
639 1581 777 1641 literatus
802 1584 916 1641 arbiter

326 1665 517 1743 Negotiosee
541 1674 570 1722 et
590 1665 742 1740 inquietae
764 1668 902 1725 inertiae.

328 1751 354 1810 Ο
378 1749 466 1826 quale
484 1750 582 1808 'debes
608 1752 749 1811 omnibus
774 1752 936 1811 ludibrium

326 1836 451 1894 Asellus
476 1835 555 1892 inter
577 1835 699 1894 simias!
725 1837 812 1895 Tune
834 1837 893 1903 bio,
914 1836 967 1894 ubi

326 1921 428 1982 Unum
451 1939 467 1978 e
490 1927 536 1979 tot
556 1921 712 1979 hominum
731 1922 824 2000 plebe
843 1923 896 1980 vix
918 1921 1070 1980 hominem
1091 1919 1202 1980 vides?

326 2006 389 2067 Ubi
410 2005 454 2064 nil
472 2005 515 2063 tui
527 2005 587 2079 ⁴sit,
611 2005 713 2066 nullus
733 2007 783 2066 hio
801 2007 885 2066 loeus
905 2007 960 2065 tibi
982 2014 1040 2065 est.-

597 2175 626 2235 l.
669 2177 786 2237 Notou
805 2179 963 2252 imperent.
1013 2255 1016 2260 .

329 2258 407 2320 Sunt
428 2260 591 2320 discolores
614 2261 750 2320 vestibus
772 2261 872 2338 plebs,
897 2261 1027 2323 nobiles.

329 2343 391 2406 Sed
412 2344 585 2404 concolores
609 2358 680 2405 sunt
703 2346 822 2420 utrique
844 2347 990 2407 moribus.

329 2516 358 2573 5.
402 2514 527 2572 Amicus
549 2533 570 2570 e
589 2521 622 2571 te
646 2514 672 2572 si
693 2513 765 2589 quid
786 2522 947 2592 exspectet
970 2513 1054 2586 boni,

327 2598 365 2655 Id
383 2617 471 2656 omne
490 2597 580 2656 debet
600 2599 714 2674 expeti,
735 2619 798 2657 non
817 2599 958 2675 exprimi.

327 2684 456 2741 Extorto
477 2684 628 2740 neminem
649 2682 796 2759 obligavit
814 2685 922 2761 gretie.
944 2734 947 2740 .

246 2803 249 2808 -
328 2769 356 2825 Α
378 2787 441 2825 non
464 2767 583 2825 volente
604 2768 682 2841 quod
704 2767 801 2841 detur,
825 2789 887 2828 non
908 2769 1028 2827 debeo.-

329 2937 358 2996 6.
399 2935 562 2994 Illiberalis
581 2936 770 3014 indigentem
791 2956 882 3012 quum
904 2937 996 3009 ridet,

330 3021 545 3094 Occasionem,
566 3039 620 3078 our
639 3022 714 3079 nihil
735 3022 798 3094 det,
819 3031 957 3097 aucupet.

330 3108 407 3183 Quis
423 3116 455 3165 tu
472 3107 529 3166 es?
552 3107 624 3182 quid
640 3125 673 3166 es
689 3107 752 3165 mi?
771 3109 932 3184 proximus
946 3125 1014 3166 sum
1023 3113 1145 3183 egomet
1157 3103 1243 3178 mibi,

328 3193 399 3252 Hoc
416 3213 479 3251 non
500 3193 629 3265 hebebo,
653 3193 732 3267 quod
753 3193 843 3250 dabo.
867 3192 1070 3270 Indigentiem

330 3276 505 3337 Contemnit
527 3278 659 3336 alienam
680 3277 743 3351 ille,
765 3279 816 3354 qui
837 3297 923 3337 suem
944 3278 1038 3335 timet.

331 3447 359 3504 7.
408 3449 538 3506 Assuete
560 3466 676 3525 pauper
698 3448 833 3520 invidere
853 3447 947 3520 diviti,
1014 3459 1017 3466 ‘

331 3529 388 3590 Cui
408 3549 529 3608 semper
552 3534 616 3592 eius
642 3550 681 3590 ex
703 3534 793 3592 bonis
813 3533 892 3590 oculi
914 3531 1029 3601 dolent,

331 3614 489 3675 Contende
514 3624 603 3691 eeptu
622 3635 689 3674 oum
713 3626 763 3674 tuo
785 3626 905 3692 ceptum
925 3613 1020 3672 illius.

330 3699 503 3760 Habentiee
524 3699 588 3757 eius
610 3708 643 3756 tu
664 3700 843 3772 aemulator,
863 3701 912 3756 hie
933 3706 1004 3754 tnee
1021 3704 1077 3754 est⁴
1143 3740 1147 3748 .
