3059 4492
764 470 823 530 108

332 641 491 701 Festinata
512 646 613 701 tamen
636 640 789 713 querimur
810 639 956 711 tueleta,
985 657 1083 714 neque
1103 639 1185 698 ultra

375 725 492 784 Nostra
512 732 577 781 tuos
601 741 720 782 cursum
743 725 868 783 tendere
892 732 961 782 vota
985 724 1061 782 dies.

335 810 396 871 Sed
419 819 520 868 tamen
544 809 601 868 hoe
621 809 741 882 melius,
767 829 858 886 quam
878 810 905 868 si
923 808 1042 868 felicius
1067 830 1177 868 aevum

377 896 525 972 Rupisset
546 893 625 951 vitae
650 896 780 953 stamina
798 893 889 972 longe
906 902 987 965 tuae,

333 981 502 1040 Iudelibato
526 978 624 1055 pietas
647 998 738 1055 quum
760 980 832 1037 flore
853 979 973 1051 vireret,

375 1066 415 1123 Et
438 1083 524 1126 sacer
544 1063 662 1122 afflaret
681 1073 808 1141 pectora
825 1072 912 1124 casta
928 1064 1025 1135 calor,

333 1149 401 1208 Nec
422 1155 543 1226 caperet
561 1148 651 1208 tellus
675 1149 816 1208 examina
838 1157 924 1207 tanta
942 1150 1073 1226 piorum,

376 1234 506 1293 Divinae
528 1232 627 1292 laudis
650 1253 727 1308 quos
750 1235 926 1293 stimulabat
945 1254 1043 1292 amor:

335 1321 436 1396 Quum
457 1319 521 1376 veri
541 1318 675 1378 studiosa
695 1328 765 1378 tuae
787 1320 824 1377 de
845 1320 969 1377 flumine
986 1319 1107 1396 linguae

376 1406 442 1465 Ora
461 1405 611 1481 rigatores
635 1405 722 1462 turba
744 1404 842 1463 sitiret
861 1423 974 1481 aquas:

334 1492 374 1548 Et
393 1509 470 1564 qnae
491 1508 554 1549 nou
575 1487 695 1549 modico
718 1509 872 1548 murorum
894 1489 1043 1547 clauditur
1060 1489 1146 1559 orbe,

378 1575 438 1631 Vix
462 1573 537 1632 satis
555 1573 697 1650 hospitiis
722 1575 1061 1651 amplaVenegaforet5
1085 1575 1251 1653 [Graecei]

335 1660 454 1733 Totque
473 1657 643 1734 peregrinis
667 1659 819 1717 coleretur
839 1661 979 1736 gentibus
999 1659 1063 1730 illa,

375 1744 460 1802 Pene
480 1749 554 1816 quot
574 1742 734 1820 indigenas
756 1745 805 1801 vel
829 1745 905 1802 setis
928 1763 997 1804 esse
1016 1744 1081 1802 fuit.
1138 1751 1142 1756 '

333 1829 435 1900 Felix,
457 1828 508 1902 qui
528 1826 584 1884 tali
602 1828 708 1888 vivens
731 1829 868 1887 interfuit
890 1832 982 1888 eevol

301 1923 307 1935 ‘
377 1913 439 1972 Hei
457 1913 542 1984 mihi,
566 1931 642 1988 quas
665 1922 750 1973 aetas
774 1933 854 1971 nunc
871 1922 950 1972 rotat
968 1915 1029 1972 ista
1052 1914 1150 1972 vicesl

334 2003 437 2059 Aurea
459 1997 560 2056 saecla
580 1999 639 2056 Dei
657 2007 777 2057 mutans
797 1999 903 2075 peiore
920 1999 1044 2057 metallo

377 2084 487 2144 Infecit
508 2090 631 2142 nostros
651 2084 770 2143 decolor
792 2104 866 2143 aura
888 2085 966 2154 dies,

335 2169 480 2245 Quaeque
501 2168 704 2227 incendebant
726 2170 852 2228 caelesti
873 2177 1000 2246 pectora
1020 2168 1152 2240 flemma,

377 2250 526 2328 Dilapsae
547 2253 577 2311 in
600 2255 731 2312 cinerem
753 2274 833 2312 nane
854 2262 978 2331 tepuere
999 2253 1092 2311 feces.
1161 2283 1164 2291 f

335 2338 394 2415 Qui
415 2338 468 2397 vix
489 2338 621 2415 signavit
642 2341 741 2416 prima
760 2359 838 2416 puer
858 2359 913 2397 ora
931 2340 1065 2410 iuventa,

379 2422 436 2482 Oui
455 2423 525 2500 pius
544 2424 695 2482 imbuerat
714 2426 856 2482 flammea
878 2424 970 2483 corde
989 2423 1087 2495 timor,

335 2507 513 2584 Transfuga
531 2517 696 2568 castrorum
719 2509 863 2568 meliores
885 2509 1006 2567 abdicat
1031 2516 1123 2578 artes,

378 2592 506 2652 Militiae
530 2593 651 2652 calcans
675 2595 803 2652 foedera
823 2595 923 2671 prima
942 2601 1035 2652 suae.-

336 2675 404 2737 Nec
425 2677 525 2736 minus
547 2679 674 2750 interea,
699 2697 788 2737 serae
811 2681 868 2737 sub
888 2680 949 2738 fine
968 2686 1111 2737 senectae

379 2760 457 2823 Sunt
480 2762 531 2836 qui
553 2753 674 2822 deserto
697 2772 784 2840 terga
805 2764 915 2822 dedere
934 2764 1019 2822 Dea*

338 2847 489 2906 Omnibus
508 2847 664 2906 incessunt
682 2848 793 2906 sinceri
813 2849 914 2907 taedia
934 2849 1047 2907 cultus:

379 2933 419 2990 at
440 2951 520 2990 nova
540 2933 694 3006 materies,
715 2943 745 2992 et
767 2953 848 2992 nova
870 2953 963 2992 causa
986 2935 1101 2992 subest.
1132 2959 1135 2963 ¹
1210 2945 1217 2958 “

335 3019 429 3078 Illum
451 3017 517 3076 dira
537 3018 630 3100 trabit
652 3018 756 3077 blandi
779 3019 912 3095 pellacia
929 3026 1086 3095 quaestus,

380 3104 470 3162 Hune
492 3103 616 3178 rapidus
639 3111 747 3163 vortex
770 3105 947 3164 ambitionis
971 3105 1042 3182 agit.
1134 3175 1137 3181 Δ

338 3188 418 3262 Quid
436 3188 556 3266 loquar,
577 3197 610 3245 ut
631 3189 725 3266 nigris
750 3207 897 3266 grassem
920 3190 1042 3248 insania
1063 3186 1175 3246 chartis

379 3274 498 3332 Probra
520 3282 670 3333 venenato
690 3274 790 3332 lurida
811 3275 883 3332 felle
906 3274 987 3347 iacit,

337 3360 436 3434 Atque
456 3359 608 3418 latrocinii
628 3361 684 3418 sub
705 3359 838 3437 imagine
860 3359 991 3436 plurima
1013 3359 1104 3435 vulgo

279 3434 282 3444 s
380 3444 531 3502 Invadunt
555 3445 652 3504 lectos
676 3445 791 3519 scripta
806 3453 951 3521 proterva
970 3445 1073 3503 viros?

337 3527 457 3602 Vixque
479 3529 579 3602 ipsum
602 3530 680 3588 vieto
700 3537 797 3588 tutum
819 3538 866 3589 est
886 3549 906 3586 a
925 3529 1051 3588 crimine
1073 3525 1201 3585 eaelum.

380 3612 464 3670 Pene
484 3612 584 3670 Deum
604 3615 710 3672 rabido
736 3625 880 3689 provocat
903 3634 957 3672 ore
979 3614 1074 3672 furor.

339 3695 398 3771 Tu,
419 3697 470 3773 qai
493 3697 639 3772 perfidiae
661 3698 829 3774 primordia
850 3696 961 3755 videris
983 3697 1084 3768 buius,
1139 3716 1142 3723 ·
