3059 4492
667 465 820 562 Q

285 633 554 710 Vastimanusque,
575 633 697 707 invicte,
720 643 811 710 aptus
829 634 883 712 pal
900 635 997 692 maria
1017 635 1131 712 opima,

285 721 447 793 Volturno,
466 728 572 779 auctor
595 715 744 796 temperi’,
767 716 962 798 sempiterne,
984 721 1126 798 benigne,

286 807 415 878 Iudicte,
435 805 577 883 agrestiS,
604 805 682 862 bene
705 804 810 878 notite,
834 805 1042 881 induperator,

285 891 513 969 Magnanimum
522 889 710 962 corhabens,
717 889 784 947 fera
791 891 937 962 membra,
944 889 1081 948 salutifer
1093 909 1199 968 augur:

287 977 466 1049 Omnivore,
487 975 695 1051 omniparens,
722 983 897 1050 praestane,
920 982 1007 1051 pater
1029 974 1158 1034 Tutane.

287 1061 349 1137 Qui
370 1060 491 1118 Titulus
514 1055 595 1132 clui',
618 1058 775 1120 debellans
795 1062 930 1119 incicora
951 1068 1099 1119 monstra:

288 1145 418 1222 Semper
438 1163 533 1205 ovans
555 1145 640 1222 pacis
665 1144 785 1218 studiis,
809 1145 935 1203 nutricis
956 1145 1108 1205 honorae:

285 1230 368 1290 Nate
391 1238 444 1290 tuo
466 1230 603 1306 ingenio,
624 1228 731 1287 Terrei
751 1229 865 1290 invicta
884 1249 1048 1309 propages,

285 1316 406 1394 Ignibu'
427 1315 603 1392 primigenis
620 1315 742 1387 florens,
765 1335 783 1372 o
805 1315 853 1373 die
874 1315 994 1372 cluenti.

286 1404 432 1461 Matutam
454 1399 544 1476 capiti
564 1407 700 1476 gestans,
722 1408 903 1475 noctemque
924 1416 1116 1475 crepuscam:

287 1485 350 1547 Sex
369 1485 418 1544 bis
440 1485 479 1542 ad
499 1503 638 1544 occasum
662 1485 827 1545 absolvens
848 1486 1014 1544 certamina
1034 1486 1073 1543 ab
1097 1492 1178 1544 ortu:
1206 1506 1209 1512 ·

281 1571 357 1630 ‚Diis
377 1577 512 1646 experte,
536 1576 565 1626 et
584 1570 752 1646 inexperte,
774 1572 958 1630 inconcusse
979 1570 1124 1640 lacertos3
1190 1582 1193 1588 “

285 1655 583 1727 Adsis,‘morborum
605 1673 773 1713 averrunca
793 1657 929 1734 piamina
951 1662 1095 1732 portans:

285 1742 327 1800 Et
343 1747 486 1818 portenta
507 1745 607 1811 move,
636 1741 774 1814 quatiens
799 1761 887 1800 sacra
908 1741 1017 1799 februa
1039 1741 1157 1800 dextra:

285 1827 326 1887 Et
346 1826 427 1884 mala
443 1823 638 1902 praepetibus
660 1822 783 1900 protela
802 1828 955 1885 obscoena
979 1826 1109 1903 sagittis.

528 1993 651 2054 Saturni
669 1995 811 2070 suffimen,
830 2002 957 2050 atarneo.
1163 1993 1199 2052 12

287 2077 485 2157 Cocligenum
506 2079 666 2150 Diuorum,
689 2078 906 2152 hominumque
924 2077 1054 2136 illustris
1072 2078 1165 2155 origo,

287 2163 462 2235 Multivore,
486 2171 516 2221 et
537 2161 693 2236 Lustrali',
712 2163 810 2236 Nero,
829 2162 958 2234 Nerien,
978 2162 1102 2221 Titane:

288 2249 351 2325 Qui
372 2255 480 2307 cuncta
502 2249 649 2320 absumis,
671 2249 781 2324 quique
803 2249 907 2307 omnia
923 2249 1045 2324 perficis
1066 2249 1158 2321 idem,

286 2333 404 2392 Vinclis
425 2334 602 2410 indupedita
624 2353 680 2409 per
700 2335 782 2392 orbis
801 2340 890 2392 vasta
911 2333 1037 2391 silentur

287 2417 418 2480 Saturne
435 2419 502 2476 aevi
522 2419 709 2496 progenitor,
729 2417 860 2478 Saturne
881 2418 997 2489 dolose,
1027 2423 1030 2427 ’

287 2503 396 2562 Terrai
417 2503 534 2580 proles,
555 2512 584 2561 et
606 2503 684 2562 coeli
706 2502 935 2582 signitenentis:

286 2588 400 2666 stirps,
422 2607 530 2665 genus,
549 2589 707 2662 obstetrix,
729 2590 840 2647 Titane
861 2590 1033 2660 endostrue,
1053 2587 1132 2664 Opis
1144 2587 1201 2660 vir,

287 2673 348 2748 Qui
369 2668 516 2750 genitalis.
533 2673 598 2732 obis
620 2693 674 2750 per
695 2675 798 2733 mnndi
821 2674 941 2751 singula
960 2674 1108 2746 membra,

288 2758 435 2831 Calvitor,
455 2766 596 2818 versutae
616 2759 723 2818 favens
748 2760 898 2818 orantibu’
918 2758 1010 2831 votis,

286 2844 507 2920 Aequanimum
524 2844 605 2902 vitae
626 2845 718 2903 finem
741 2845 918 2904 mortalibus
940 2844 1036 2902 adfer.

487 3011 594 3070 Latiae
615 3011 686 3088 Opia
704 3015 845 3089 suffimen,
867 3023 1009 3071 aromata.
1162 3010 1200 3068 13

288 3097 354 3172 Ops
375 3098 558 3169 veneranda,
578 3116 673 3174 genus
697 3098 859 3157 Vortumni
876 3096 1073 3173 Primigenai,

287 3182 435 3258 Quaeque
456 3183 552 3260 agitas
575 3182 665 3240 etiem
685 3183 841 3242 volventia
858 3182 992 3258 plaustra
1013 3179 1178 3238 Trionum:

286 3267 576 3344 Turnpaniverbera,
598 3267 701 3340 carita,
728 3275 817 3342 atque
835 3268 993 3343 aeriorepa
1012 3266 1108 3342 virgo,

284 3353 383 3412 Mater
404 3371 515 3429 magna
535 3353 631 3425 Iovis,
651 3353 749 3427 Latia,
774 3354 840 3428 Ops
863 3347 1012 3423 coelesti',
1030 3349 1152 3425 palude,
1183 3400 1185 3403 ,
1241 3390 1245 3401 ,

284 3437 405 3510 Polcra,
427 3445 456 3494 et
475 3438 632 3510 honorata,
657 3446 687 3496 et
708 3437 832 3500 Saturni
851 3444 981 3514 augusta
1002 3436 1121 3506 marita,

284 3522 431 3583 Montibu'
450 3539 526 3596 quae
545 3523 671 3598 gaudes,
690 3524 903 3597 hominumque
919 3515 1076 3578 ululatibu’
1094 3517 1199 3591 sacris,

286 3607 355 3685 Ops
376 3607 517 3680 Maiesta,
539 3625 650 3682 parens
672 3608 850 3684 bellicrepa,
870 3605 968 3666 Nerio
989 3605 1062 3678 Dia,
1112 3631 1116 3636 ·
1168 3613 1172 3620 '

285 3691 472 3769 Sospitaque
492 3699 522 3750 et
542 3693 683 3767 mendax,
705 3693 923 3767 Picumnaque,
944 3691 1059 3750 Libera
1069 3697 1183 3753 matus
