3059 4492
653 471 802 564 Α,

311 641 369 704 Sat
390 642 473 712 facit,
493 641 616 700 illorum
640 642 668 700 si
690 641 866 700 meminisse
888 648 995 715 potest

353 739 378 788 E
395 738 490 788 laetula
510 752 617 799 surgens
637 737 680 788 111
696 739 755 788 Kal.
774 739 830 788 Ian.
849 736 944 786 Iuliani
972 732 1044 786 tout.

268 894 318 953 25.
357 893 482 952 Danum
503 895 619 951 dantur.
640 896 767 952 anatona
791 892 947 952 Scaeuolae
966 890 1184 950 sammarthani

267 980 316 1038 De
340 979 435 1038 Gallia
454 979 599 1036 Doctrina
623 979 784 1037 illustribus
812 979 871 1034 Ios.
898 974 1030 1052 Sauliqer
1054 976 1183 1034 donabat

484 1063 603 1120 Danieli
622 1063 743 1122 Heinaio
767 1065 811 1120 tir
827 1063 971 1120 uersibus:

270 1147 338 1210 Sibi
359 1149 419 1206 hoc
440 1147 584 1206 volumen
605 1166 625 1204 a
646 1156 738 1224 poeta
759 1146 910 1208 Scaevola

269 1234 400 1292 Missum
422 1240 533 1309 poetae
555 1231 693 1310 Scaliger
715 1233 768 1290 dat
790 1231 931 1290 Heinsio.

271 1404 322 1463 26.
360 1402 480 1460 Danieli
500 1403 621 1461 Heinsio
642 1406 806 1479 aratrorum
826 1405 900 1460 aetia
924 1420 980 1477 pra
1005 1400 1186 1458 dedicatione

631 1487 700 1546 Silii
720 1489 829 1546 Italici.

635 1584 678 1632 Ex
697 1592 812 1645 tempore

270 1651 362 1726 Quod
382 1661 484 1711 vester
504 1661 610 1712 nostro
633 1655 688 1712 sub
714 1653 834 1711 nomine
856 1650 962 1723 Silius,
985 1649 1106 1720 Heinsi,

311 1737 472 1814 Purpureo
494 1746 601 1814 gentes
624 1739 737 1796 lumine
758 1739 855 1796 cultus
876 1737 953 1806 adit3

160 1821 163 1832 ⁴
269 1823 339 1884 Nee
360 1842 409 1879 me
431 1824 490 1882 hoo
511 1822 669 1896 duntaxat,
693 1843 754 1899 quo
778 1843 899 1880 menon
921 1821 1040 1898 dignor,
1055 1819 1183 1889 honore,

315 1907 379 1970 Sed
399 1907 564 1967 devinxisti
586 1916 708 1984 postera
729 1909 812 1966 secla
831 1909 895 1966 tibi.

270 1994 362 2069 Quod
381 1993 477 2052 solum
499 2012 638 2070 possum,
663 1994 734 2070 quia
754 2013 802 2050 me
825 1993 880 2052 tibi
903 1992 997 2048 debeo
1018 1994 1122 2056 totum,

312 2081 363 2137 Me
386 2086 483 2136 totum
500 2097 597 2138 voveo
616 2092 737 2155 tempus
757 2079 790 2136 in
812 2096 902 2136 omne
927 2076 992 2134 tibi.

270 2162 335 2236 Sed
351 2181 428 2238 quas
449 2164 623 2236 debueram,
640 2183 740 2240 neque
760 2181 888 2240 possum
910 2160 1029 2220 solvere
1051 2162 1164 2232 grates,

311 2252 341 2308 A
357 2249 412 2307 tibi
433 2249 573 2307 devincta
593 2249 775 2310 Posteritate
794 2249 885 2306 feras.

460 2417 510 2476 27.
554 2418 601 2474 De
621 2418 748 2476 Henn‘eo
769 2417 847 2493 Reae
869 2425 991 2474 servato.

269 2503 397 2579 Duplex
419 2510 558 2579 potestas
577 2503 638 2561 ista
658 2503 787 2562 fatorum
812 2502 879 2572 fuit,

270 2587 371 2648 Gallis
394 2588 486 2646 saluti
509 2588 592 2663 quod
615 2589 705 2659 foret,
725 2587 823 2646 Gallis
845 2587 928 2656 dare,

271 2672 402 2735 Servare
422 2671 521 2732 Gallis
542 2672 623 2748 quod
645 2672 780 2732 dedisset
803 2671 959 2749 optimum.

160 2886 161 2907 r
572 2841 622 2900 28.
667 2845 706 2900 In
734 2842 882 2901 Veronam.

160 2922 161 2959 ³
272 2927 380 2987 Oeelle
405 2926 519 3000 mundi,
540 2927 624 2986 sidus
647 2927 719 2984 Itali
738 2927 826 2999 caeli,

270 3013 342 3073 Flos
362 3011 492 3084 urbium,
513 3012 583 3085 flos,
606 3011 819 3088 corculumque
839 3029 1042 3082 amoenorum,

271 3097 354 3172 Quot
377 3104 458 3168 sunt,
479 3105 615 3169 eruntne,
635 3105 709 3172 quot
729 3098 825 3170 fuere,
849 3096 972 3156 Verona

269 3184 386 3241 Brenni
409 3183 580 3260 smaragde,
603 3181 808 3258 transpadana
829 3181 956 3258 berylle,

271 3267 432 3328 Gallorum
452 3267 561 3343 iaspis,
584 3267 745 3344 margarite
768 3267 900 3326 Benaci:

271 3357 364 3430 Apex
386 3372 547 3429 supremus
568 3352 738 3428 elegantiae
757 3371 870 3422 rerum,

270 3440 311 3498 Et
332 3445 414 3496 meta
436 3456 566 3510 summa,
588 3437 793 3512 daedalaeque
816 3443 950 3494 naturae.

271 3523 371 3598 Quam
390 3523 492 3583 fronte
516 3541 615 3600 prona
635 3521 829 3596 fascibusque
852 3516 1013 3580 submissis

270 3609 373 3669 Urbes
395 3607 533 3681 adorent,
557 3615 587 3665 et
607 3608 746 3666 lubenter
768 3612 934 3682 agnoscant

271 3693 411 3754 Sublime
433 3693 603 3753 maiestatis
626 3693 739 3751 arduae
758 3691 872 3762 lumen,
