3059 4492
643 494 792 589 -tt-s-

261 658 449 721 Secnritatis.
472 659 532 718 Hic
553 671 673 720 veretur
692 634 836 740 perdere.

261 745 307 803 Tu
326 745 375 804 vis
396 744 518 803 habere.
540 743 650 824 Cogita
672 757 787 824 quanto
810 750 908 808 minor

260 829 417 888 Habuisse
438 849 592 906 nunquam
614 833 654 890 sit
672 833 772 905 dolor,
794 853 884 909 quam
906 836 1044 912 perdere.

165 1057 166 1064 ,
262 1000 289 1058 8.
335 1001 457 1057 Avarus
481 1007 571 1072 atque
590 1001 748 1079 prodigus,
769 1005 916 1080 pecuniae

262 1081 338 1143 Sunt
359 1085 449 1143 ambo
472 1084 569 1160 egeni.
590 1084 742 1164 Prodigus
762 1091 922 1165 pecuniam

262 1170 332 1226 Mox
355 1188 416 1226 non
435 1167 567 1227 habebit.
589 1179 638 1228 ast
658 1189 768 1232 avarus
790 1193 943 1250 nunqnam
964 1174 1065 1232 habet.

165 1345 166 1372 ²
262 1337 289 1396 9.
331 1335 534 1412 Quaecunque
554 1338 586 1395 in
608 1358 679 1397 arca
700 1327 803 1399 condit
823 1353 966 1421 aggestas
990 1361 1065 1420 opes

261 1425 390 1494 Avarus,
412 1423 481 1480 aliis
498 1423 633 1496 abstulit,
658 1435 748 1503 negat
771 1429 839 1486 sibi.

165 1565 167 1596 ἰ
261 1506 425 1565 Fraudavit
446 1507 536 1580 alios,
564 1528 657 1583 seque
681 1511 803 1570 fraudat
823 1514 971 1572 ultimum.

265 1677 311 1735 10.
359 1677 461 1754 Opum
482 1677 654 1737 redundans
676 1680 770 1755 rivus,
795 1688 825 1738 et
848 1683 1036 1758 superfluens

261 1763 386 1820 Licente
405 1763 491 1834 luxu,
513 1764 650 1825 moribus
675 1765 754 1842 frugi
776 1774 871 1824 nocet.

261 1847 355 1906 Duris
379 1855 501 1925 egestas
523 1849 602 1926 cogit
621 1849 655 1906 in
678 1851 769 1908 rebus
791 1852 886 1909 bonos

165 1963 166 1966 ¹
261 1932 387 1991 Patrare
401 1933 509 1994 famae
530 1936 592 1991 n'on
614 1934 725 1992 decora
744 1936 901 2010 pristinae.

262 2017 326 2076 Viri
348 2018 431 2076 beati
451 2018 514 2075 vita
534 2018 682 2096 castigata
703 2021 745 2078 sit

261 2104 302 2163 Ut
323 2122 387 2161 non
407 2122 512 2180 egena,
537 2104 581 2162 sic
602 2123 716 2180 egenae
735 2105 886 2180 proxima.

265 2273 312 2333 11.
357 2271 457 2333 Stulta
479 2282 525 2331 est
546 2273 666 2348 cupido,
688 2291 765 2348 quae
785 2272 850 2332 dies
873 2273 984 2350 longos
1007 2273 1080 2346 sitit,

165 2373 166 2396 ³
261 2359 300 2417 Et
319 2358 484 2436 plurimum
507 2358 575 2416 aevi
592 2358 741 2434 plurimes
764 2358 844 2416 vitas
865 2365 961 2434 putat.

262 2443 334 2502 Non
357 2461 449 2518 saepe
470 2443 581 2516 vivere,
600 2453 632 2500 ut
650 2444 728 2501 mori
751 2443 854 2500 datum
876 2450 923 2501 est
942 2441 1048 2502 semel.

264 2527 392 2588 Centum
412 2536 551 2586 senectae
573 2527 657 2585 misse
677 2528 769 2586 seclis
792 2546 914 2606 aggere,

263 2614 302 2672 Et
320 2613 404 2672 mille
426 2613 494 2671 vive
513 2612 681 2672 Nestoras:
703 2613 857 2670 dementia
882 2621 930 2670 est

263 2699 376 2758 Putare
395 2698 506 2757 multas
529 2717 623 2773 posse
646 2697 723 2756 vitas
744 2698 856 2772 vivere,

263 2787 324 2844 Aut
346 2785 448 2842 vivere
467 2782 571 2856 ullam,
591 2789 711 2860 praeter
732 2783 811 2841 hanc
833 2801 922 2859 quam
943 2780 1114 2858 perdimus:

264 2871 329 2927 Ant
345 2869 473 2946 perdere
490 2868 594 2939 ullam,
617 2875 736 2945 praeter
755 2868 833 2926 hanc
856 2887 946 2943 qnam
967 2867 1105 2926 vivimus.

269 3037 316 3096 12.
355 3037 496 3097 Formido
518 3037 624 3096 mortis
646 3045 742 3096 morte
762 3037 860 3112 peior.
885 3057 948 3095 non
969 3045 1054 3113 potes

266 3123 371 3180 Vitare
394 3130 529 3193 mortem,
552 3122 606 3181 sed
624 3129 711 3198 potes
734 3119 933 3181 contemnere.

581 3209 664 3265 Idem
686 3208 860 3265 Trocdaicie.

266 3290 406 3350 Pallidae
427 3291 555 3348 formido
576 3293 682 3352 mortis
700 3292 771 3368 ipsa
790 3299 887 3349 morte
908 3289 996 3366 peior
1014 3294 1070 3344 est.

266 3376 340 3436 Non
360 3385 450 3453 potes
470 3377 566 3434 vitare
584 3385 723 3449 mortem,
754 3377 809 3434 sed
831 3383 919 3451 potes
941 3378 1145 3430 contemnere.

526 3547 574 3605 13.
621 3547 747 3605 Haurico
769 3543 927 3602 Rauzccc'o.

269 3627 364 3690 Nulla
385 3649 457 3709 ergo
479 3631 571 3690 flendi
592 3639 673 3689 meta
693 3640 753 3689 tam
775 3646 877 3686 carum
897 3625 1007 3704 capnt?

270 3713 337 3774 Nec
355 3717 419 3775 ulla
437 3718 507 3776 finis
529 3717 730 3788 lacrimarum,
751 3732 808 3771 nec
825 3712 944 3792 pudor?
1137 3724 1277 3903 Γ

957 3823 978 3881 8
