3059 4492
639 548 791 644 gge—

526 708 565 775 ‘0
588 713 656 797 πρὶν
680 715 728 777 ἀεὶ
747 711 897 799 Βρομίου.
1100 721 1172 784 nt?

160 815 161 820 ’
250 801 313 860 Ille
336 800 422 876 prius
443 799 570 860 Bromio
591 801 725 862 titubans
749 803 878 881 vestigia
898 821 978 877 rore,

160 881 161 886 ’
298 886 358 943 Ille
380 899 480 944 comes
502 885 631 945 Bacchis
651 889 823 965 semicaper
844 886 984 965 Satyrus,

251 973 302 1032 En
324 971 412 1047 paria
433 980 536 1030 aerata
555 971 711 1031 devinctus
733 973 881 1051 compede
903 992 1001 1046 crura,

296 1054 389 1114 Nunc
409 1063 481 1114 nato
505 1056 645 1116 Thetidis
668 1058 798 1116 fabricat
818 1076 902 1117 arma
922 1057 1019 1117 Dese.

249 1139 328 1200 Non
353 1140 474 1217 quidem
496 1141 639 1200 honorato
662 1143 836 1221 defungitur
852 1141 906 1200 ille
926 1143 1041 1217 labore,

298 1225 361 1287 Sed
379 1225 519 1284 miseram
537 1227 594 1284 hac
614 1228 707 1286 vitam
731 1229 862 1288 sustinet
885 1236 950 1286 arte
973 1247 1068 1288 suam.

511 1388 578 1454 llud
602 1414 651 1455 cur
670 1397 756 1455 κεῖνα
770 1392 918 1456 κύπελλα.
1097 1399 1167 1458 ct?

249 1479 345 1540 Nunc
366 1477 417 1536 ubi
442 1485 513 1537 sunt
531 1479 653 1554 calices,
676 1481 729 1539 ubi
750 1500 828 1558 quos
849 1481 982 1544 iaculare
1003 1482 1127 1543 solebas

296 1564 447 1642 Thyssos,
473 1572 503 1622 et
522 1574 622 1641 potus,
642 1567 747 1626 Faune
766 1565 897 1643 petulce,
918 1567 982 1625 tui?

250 1649 331 1726 Quis
357 1649 448 1706 limae
467 1649 618 1708 admovit?
637 1651 705 1728 quis
727 1651 837 1710 vinclis
857 1651 956 1710 induit
977 1653 1084 1712 artus?

295 1735 396 1810 Quem
416 1733 531 1792 Bacchi
549 1754 642 1796 cunas
664 1736 854 1796 conuoluisse
873 1737 983 1795 ferunt.

247 1819 431 1896 Pauperies,
454 1820 596 1895 durisque
617 1839 728 1899 urgens
748 1822 781 1879 in
803 1822 893 1880 rebus
916 1831 1049 1900 egestas,

293 1905 433 1988 Vulcano
455 1904 569 1963 fumum
591 1923 639 1964 me
658 1907 762 1965 bibere
784 1906 839 1964 illu
859 1907 950 1965 dedit.

546 2067 743 2155 Ἐθραὺσῦης
765 2072 868 2155 ditia.
1093 2077 1164 2137 ate

247 2161 416 2220 Potantum
439 2158 470 2216 in
491 2158 561 2217 rixa
583 2160 727 2236 crepuisti
747 2160 855 2233 fracta,
879 2167 1021 2235 tuumque

290 2244 411 2306 Fudisti
432 2251 490 2302 toto
510 2251 626 2318 ventre,
648 2243 770 2323 lagena,
788 2264 912 2302 merum.

247 2334 371 2406 Aspera
389 2349 459 2387 nam
478 2330 544 2386 saxi
566 2330 612 2389 vis
633 2331 750 2389 eminus
771 2330 876 2388 incidit
893 2331 925 2388 in
947 2338 989 2403 te,

290 2414 365 2475 Non
388 2415 482 2487 Iovis,
506 2421 537 2472 at
558 2415 637 2474 Iovii
656 2416 752 2475 missa
775 2423 900 2491 repente
919 2434 1020 2473 manu.

247 2501 406 2572 Riserunt,
429 2499 588 2576 ictam'qui
607 2507 637 2558 te
655 2500 759 2558 videre
784 2499 919 2571 sodales,

289 2587 330 2646 Et
351 2585 452 2644 sonuit
469 2585 567 2643 mistis
586 2585 718 2662 plurima
740 2587 829 2644 turba
851 2586 939 2644 iocis.

247 2669 318 2730 Non
341 2689 397 2748 ego
416 2677 447 2727 te
466 2669 586 2728 doleam
612 2669 765 2728 Bacchum
788 2671 959 2747 peperisse,
982 2669 1122 2747 Lagenar

289 2756 361 2816 Hoc
382 2753 478 2812 fatum
501 2753 642 2815 Semelae
662 2774 717 2831 par
740 2756 797 2812 erit
818 2763 907 2830 atque
926 2756 991 2814 tibi.

527 2917 651 3002 Χρυσὸν
676 2920 752 3005 ἀνὴρ
777 2921 888 3003 εὑρὼν.
1090 2923 1161 2983 cst
1258 2963 1270 2975 -

247 3006 378 3082 Quidam
392 3027 466 3067 auro
478 3009 601 3066 inventa
615 3007 757 3085 laqueum
771 3009 888 3068 abiicit:
901 3009 978 3065 alter
992 3009 1045 3066 ubi
1056 3002 1162 3067 aurum

289 3093 364 3153 Non
384 3093 506 3171 reperit,
529 3095 624 3151 nectit
642 3113 730 3170 quem
752 3094 867 3171 reperit
883 3093 1033 3168 laqueum.

498 3255 680 3327 ΕἰςῬόδον
704 3260 731 3322 εἰ
752 3259 890 3322 cuatuor.
1112 3257 1161 3343 β6

245 3347 356 3406 Utrum
374 3348 514 3407 adeunda
536 3347 661 3407 Rhodos
687 3348 846 3408 consultus
867 3345 1045 3423 Olympicus
1067 3365 1163 3426 augur

290 3431 518 3509 Solvendaeque
539 3434 621 3492 foret
642 3451 719 3508 quae
740 3434 790 3492 via
812 3440 876 3490 tuta
897 3432 966 3503 rati,

230 3514 443 3595 ,Sitprimum
462 3538 539 3578 nova
561 3519 660 3591 navis,
680 3519 735 3577 ait:
759 3517 915 3577 discedere
940 3516 1047 3573 bruma

288 3603 396 3676 Parce,
421 3603 476 3662 sed
496 3603 614 3661 aestivo
636 3603 735 3662 sidere
757 3604 826 3661 vela
846 3603 925 3660 dato.

242 3684 316 3746 Hoc
333 3691 412 3748 bene
437 3689 465 3748 si
484 3689 579 3761 faxis,
601 3689 659 3746 huc
679 3689 737 3747 ibis
759 3696 853 3760 tutus,
877 3694 907 3745 et
925 3684 1009 3758 illuc,

290 3771 409 3834 Sinon
433 3773 540 3851 piratis
562 3774 652 3832 obvia
673 3775 787 3851 praeda
809 3772 919 3831 venis·

894 3855 931 3914 17
941 3855 958 3884 “
