3059 4492
723 496 728 505 ··
778 479 840 539 stt

284 648 336 704 840
353 649 502 709 Messoris
524 655 622 705 autem
647 649 750 708 secula
773 650 929 707 necabitur

352 737 540 798 Excuterato
563 733 661 809 turpis
684 753 755 792 orca
775 735 902 806 viscere,
964 737 969 757 ¹

353 820 504 878 Mustelae
523 817 660 876 alumnos
682 820 733 892 qui
751 818 980 878 ,caballimilites

355 903 578 964 Cervicimatris
601 903 779 962 saxifrontis
802 904 930 975 extudit,

355 989 564 1064 Hominesque
587 988 699 1047 durans
723 996 827 1048 suetus
850 989 1018 1066 evestigio

285 1070 337 1127 845
354 1075 500 1134 Formare
523 1080 638 1132 statuas
659 1073 815 1132 involucro
833 1073 1003 1146 marmoris,

355 1159 459 1237 Sagax
479 1159 627 1216 tricaccae
647 1157 757 1216 lucifur
778 1160 943 1218 custodiae.

355 1245 478 1302 Videbit
499 1250 585 1302 aestu
604 1261 680 1317 quae
700 1243 837 1320 rigantur
859 1246 974 1321 iugera,

354 1331 490 1407 Asbysta
509 1327 644 1400 flumina,
664 1335 753 1402 atque
770 1329 864 1386 xhumo
885 1328 1074 1387 stertentium

355 1413 458 1474 (iubas
481 1413 610 1484 olentes,
633 1413 866 1488 conquiniscens
888 1414 1005 1473 bestiis.

286 1497 338 1550 850
357 1499 444 1574 Quae
464 1506 576 1556 cuncta'
592 1497 686 1555 obibit
708 1507 833 1574 propter
851 1498 994 1576 Argivom
1013 1499 1125 1574 lupam,

356 1584 506 1642 Triviram
529 1582 661 1657 puellam
681 1583 975 1660 feminipuerperam.
1033 1597 1040 1610 ⁶

355 1669 562 1745 Iapygumque
583 1667 676 1724 adibit
697 1686 764 1726 erro
789 1668 964 1741 exercitum,

355 1753 510 1828 Ponetque
532 1752 643 1810 donum
662 1753 771 1829 virgini
792 1753 958 1826 Feretriae,

355 1838 464 1898 Ancile
487 1845 601 1896 scutum
625 1845 654 1894 et
673 1837 808 1896 hirneam
829 1838 1014 1910 Temcsiam,

287 1925 339 1979 855
358 1922 493 1999 Sponsae
511 1923 651 1980 nocentis
673 1941 863 2000 cernuntque
886 1923 1025 1982 mulleos.

358 2007 499 2083 Sirinque
524 2007 619 2065 adibit
642 2015 671 2065 et
689 2007 817 2065 Lacinia
837 2009 942 2081 ardua,

355 2094 392 2151 In
417 2093 503 2168 queis
527 2093 654 2150 iuvenca
675 2092 824 2151 consitum
847 2094 998 2152 Feroniae

356 2178 443 2236 Deae
464 2179 607 2236 Monetae
631 2179 824 2254 praeparabit
844 2178 1007 2236 hortulum:

356 2264 397 2324 Et
417 2263 539 2322 feminis
561 2263 612 2320 lex
636 2281 755 2338 semper
776 2263 927 2340 indigenis
947 2265 1005 2321 erit

288 2342 340 2399 ⁸⁶0
358 2346 499 2407 Cubitum
522 2349 675 2424 novenum
696 2348 770 2405 llere
791 2349 909 2406 tertium
932 2348 1025 2406 Aeaci

357 2433 397 2492 Et
417 2432 558 2505 Doridis,
581 2432 696 2490 fulmen
719 2432 812 2490 duelli
832 2432 944 2505 Martii,

300 2521 302 2524 ’
356 2517 424 2576 Nec
440 2535 551 2594 corpus
573 2536 647 2575 auro
666 2518 821 2594 perpolite
837 2516 981 2590 vinulum,

357 2602 424 2661 Nec
444 2603 524 2660 ferre
546 2603 689 2661 membris
712 2603 842 2662 delicata
863 2603 960 2680 pallia

359 2687 489 2748 Sandice
508 2687 614 2761 pictas,
635 2687 702 2744 ideo
724 2688 801 2762 quod
821 2688 908 2746 divae
926 2688 983 2745 dea

167 2805 177 2821 r
289 2771 342 2827 8⁶5
360 2772 474 2829 Terrae
496 2789 637 2829 cacumen
657 2781 831 2830 muneratur
845 2774 966 2831 arduae.

358 2856 535 2934 Pugilisque
544 2856 621 2914 tauri
630 2857 662 2913 in
673 2855 828 2932 Sospitam
837 2857 1033 2915 certaminum
1052 2853 1271 2930 [inhospitum]

358 2946 491 3002 Arenam
512 2940 616 3013 adibit,
637 2961 726 3017 quem
746 2951 829 3000 creat
847 2942 989 3001 Libentia
1313 2946 1317 2956 '

359 3027 512 3100 Mancino,
534 3045 759 3103 regnansarce
782 3029 919 3105 Longari
942 3027 1033 3096 edita,

359 3112 532 3173 Saturniam
554 3111 731 3186 falcemque,
756 3111 972 3187 Coucheasque
995 3126 1089 3186 aquas

290 3204 341 3258 870
358 3197 507 3269 Ventans,
529 3195 755 3271 Gonusamque,
785 3205 876 3274 atque
898 3197 1040 3258 Sicannm
1062 3212 1209 3268 aequora,

359 3283 399 3340 lut
422 3281 536 3358 templa
557 3282 639 3339 crudi
657 3281 739 3357 pelle
761 3283 863 3342 vestiti
880 3283 956 3359 lupi,

360 3366 448 3441 Quae
467 3366 617 3442 quondam
640 3367 778 3425 alumnus
803 3367 923 3427 Orethei
949 3364 1109 3442 appellens
1134 3370 1233 3422 ratem

360 3449 437 3510 Cum
459 3459 548 3528 gente
569 3451 787 3528 qninquaginta
807 3462 966 3512 nautarum
988 3449 1099 3507 edidit:

359 3536 556 3612 Minyquue
580 3535 655 3595 salsi
676 3537 742 3611 ripa
764 3539 898 3597 servabit
917 3536 1008 3596 maris

250 3661 254 3674 .
291 3623 343 3678 875
361 3619 553 3698 strigmenta,
576 3641 654 3696 quae
676 3640 731 3678 nec
754 3621 849 3681 diluet
868 3622 999 3694 Venilia,

360 3703 428 3766 Nec
450 3705 606 3764 abluentes
631 3707 638 3721 ‘
670 3707 679 3724 ¹
708 3706 715 3720 '
808 3710 922 3787 ingues
942 3708 1002 3766 diu.
