3059 4492
651 481 802 574 joa-

557 642 653 706 Αὒτοὶ
678 645 731 727 τὴν
754 646 887 730 ἁπαλὴν.
1021 611 1025 618 ¹
1086 655 1181 735 (02)

265 732 336 812 Ipsi
356 731 496 790 viderunt
513 731 607 789 Irenii
630 751 737 810 corpus
759 736 902 809 Amores,
1073 777 1076 781 J

309 818 351 876 at
370 815 502 894 Cypriae
521 817 672 876 thalamos
694 819 857 878 destituere
876 821 972 880 Deae.

167 965 169 992 r
264 902 469 962 Emendatum
490 920 564 977 opus
588 901 626 959 ad
646 902 726 962 talos
746 923 766 960 a
787 906 910 978 vertice,
934 907 1025 984 signi,

310 987 351 1046 Et
373 987 538 1064 castigatae
560 987 683 1063 virginis
704 989 802 1048 instar
824 991 950 1050 habens.

167 1131 168 1138 ,
265 1073 351 1132 Hinc
373 1072 405 1130 iu
425 1071 580 1143 mortales,
603 1091 696 1130 nervo
719 1075 876 1148 stridente,
899 1076 1011 1152 sagitta

310 1156 386 1216 Nou
406 1175 468 1214 uua
487 1176 525 1214 ex
545 1155 600 1216 illo
622 1164 756 1234 tempore
780 1160 876 1219 missa
896 1160 962 1218 fuit.

535 1319 695 1405 quoqtlu
716 1324 830 1391 κάλλος
854 1324 918 1405 μὲν.
1084 1329 1180 1407 ζ(23)
1260 1320 1263 1327 ’

267 1409 457 1471 Concubitus
480 1409 583 1469 Venus
605 1410 779 1485 illecebras,
799 1415 894 1470 Amor
912 1412 982 1488 ipse
1000 1413 1141 1472 decorem

311 1494 512 1572 Zenopbilae,
539 1494 694 1554 Obaritum
717 1497 763 1554 sal
785 1495 893 1555 Charis
916 1497 986 1573 ipsa
1005 1498 1096 1556 dedit.

508 1658 568 1724 Ναὶ
591 1661 634 1743 μὰ
655 1662 705 1722 τὸν
729 1659 937 1744 εὐπλόκαμον.
1085 1667 1180 1745 ζ(24)

265 1749 329 1808 Per
351 1748 458 1807 Timus
478 1757 584 1822 tortos,
605 1749 657 1824 qui
677 1769 724 1806 me
745 1766 864 1826 cepere,
886 1751 1034 1827 capillos:

309 1835 372 1892 Per
394 1833 521 1907 Demus,
545 1853 668 1894 somnos
692 1833 865 1910 quaemihi
883 1837 1019 1894 membra
1039 1835 1158 1912 fugant:

267 1919 382 1978 Iliados
404 1939 459 1995 per
479 1938 534 1996 ego
557 1918 730 1990 illecebras,
753 1918 935 1996 vigilemque
953 1920 1108 1978 lucernam

310 2005 411 2077 Hanc,
430 2023 499 2062 mea
518 2024 595 2081 quae
617 2004 730 2062 madidi
753 2004 887 2062 carmina
905 2005 1001 2062 multa
1021 2005 1110 2063 bibit:

266 2090 370 2149 Parva
390 2090 464 2146 mihi
484 2091 516 2147 in
533 2090 628 2148 labris
649 2097 723 2148 nota
741 2089 887 2163 vulneris,
903 2108 983 2162 eece,
1003 2088 1110 2146 relicta
1123 2097 1179 2150 est.

313 2174 449 2250 Quodsi
471 2176 528 2247 vis,
551 2175 643 2233 modo
666 2171 724 2246 die,
749 2193 881 2250 expuam
901 2183 932 2232 et
949 2174 1035 2246 illud,
1055 2176 1158 2234 Amor.

514 2336 567 2424 Τῷ
588 2340 698 2424 θαλλῷ
720 2339 840 2422 Διδύμη
870 2363 919 2422 ps.-
972 2392 976 2399 ,
1083 2344 1180 2423 [(26)

268 2433 318 2490 Me
341 2430 444 2506 rapuit
464 2430 559 2487 forma
576 2429 718 2504 Didyme.
742 2429 792 2487 Ah
814 2448 872 2505 ego
892 2430 981 2489 tabeo
1004 2447 1131 2489 cerneus

311 2516 389 2574 Tale
415 2514 517 2586 decus,
539 2514 637 2589 qualis
657 2532 727 2572 cera
747 2515 804 2572 sub
825 2515 897 2590 igne
918 2514 1006 2571 cadit.

269 2604 310 2661 At
330 2601 418 2678 nigra
431 2607 486 2657 est.
507 2600 578 2674 quid
588 2598 671 2656 tum?
690 2600 781 2658 carbo
794 2618 922 2674 quoque.
936 2598 970 2659 Si
982 2607 1083 2658 tamen
1094 2599 1181 2657 illum

310 2687 387 2764 Igne
406 2685 506 2756 foves,
529 2684 632 2762 fulget,
656 2683 711 2742 lux
732 2691 765 2741 ut
786 2684 888 2742 hiulca
908 2704 1006 2744 rosae.

597 2847 728 2930 [λίσσομ’
747 2846 857 2931 Ἔρως.
1085 2847 1180 2933 ζ(27)

271 2939 315 2998 Te
336 2957 393 3016 per
413 2956 470 3014 ego
493 2944 618 2994 nostrae
634 2937 763 3013 supplex
782 2957 857 3015 rogo
879 2937 1013 2996 carmina
1029 2940 1147 3010 Musae,

311 3023 493 3094 Heliodora,
516 3041 584 3080 meo
606 3030 727 3098 pectore
747 3023 835 3080 cedat
855 3026 956 3081 Amor.

269 3109 389 3184 Perque
408 3116 475 3165 tuos
501 3125 600 3178 arcus,
624 3107 675 3182 qui
697 3108 757 3165 iam
779 3109 894 3183 petiere
915 3125 971 3164 nec
992 3105 1097 3177 ullum,

311 3194 443 3252 Tantum
465 3193 497 3248 in
519 3209 566 3249 me
588 3192 703 3251 dociles
725 3193 844 3254 mittere
864 3192 925 3249 tela
947 3210 1012 3250 sua.

270 3277 304 3339 Si
326 3297 432 3356 pereo,
459 3295 563 3336 vocem
586 3278 730 3336 testantia
751 3278 886 3335 carmina
904 3277 1053 3352 linquam:

312 3363 446 3442 Aspicis,
470 3369 503 3419 ut
525 3363 614 3420 morti
636 3381 685 3420 me
709 3363 801 3435 dedit,
819 3363 947 3439 hospeS,
965 3367 1067 3420 Amor.

589 3485 593 3488 -
675 3449 778 3506 Aliter.

271 3532 304 3595 Si
326 3534 457 3611 supplex
479 3541 508 3589 te
530 3533 619 3596 Musa
639 3541 741 3591 movet
759 3520 841 3606 mea,
861 3551 933 3590 cura
951 3532 1096 3602 facessat,

312 3618 412 3695 Quam
434 3617 557 3696 vigilem
576 3617 608 3676 in
631 3618 721 3678 uobis
744 3617 917 3677 Heliodora
939 3616 1022 3689 serit,

271 3705 348 3762 Acer
370 3723 462 3763 amor.
485 3702 546 3762 Per
568 3712 609 3776 te,
632 3722 687 3781 per
709 3722 767 3782 ego
787 3712 840 3762 tua
857 3703 1000 3762 maxima
1013 3699 1085 3773 tela,
