3059 4492
633 499 785 594 ,nu

166 735 167 744 χ
249 668 316 727 Neo
338 667 427 740 dixit,
442 667 540 738 ‚Aiax,
565 685 658 726 sensu
677 667 732 726 sed
754 667 866 726 mentis
890 676 951 726 tua.

249 753 294 812 Te
318 752 437 828 respice
457 771 543 830 ergo:
567 751 722 810 dalocum
745 752 927 826 sententiae,
989 756 991 759 ’

250 838 326 897 Tuis
349 838 468 910 amicis,
491 845 581 913 atque
604 837 701 896 missa
720 838 797 896 haec
818 838 862 896 sis
884 838 961 896 face.

249 923 322 982 Teo.
364 921 491 980 Nullum
511 928 569 994 est,
592 922 665 980 here
685 922 779 996 Aiax,
802 922 944 982 omnibus
966 925 1146 985 mortalibus
1166 927 1217 986 ⁴85

248 1007 455 1067 Necessitatis
477 1007 597 1084 legibus
620 1007 717 1066 maius
740 1009 863 1067 malum.

248 1095 314 1171 ligo
336 1092 457 1168 quidem
480 1111 547 1150 sum
570 1101 654 1150 creta
674 1092 770 1150 libero
786 1102 886 1169 patre,

247 1179 357 1252 quue
380 1177 452 1249 dite,
476 1177 594 1253 siquis
617 1176 695 1236 elios
716 1185 764 1236 est
784 1179 949 1257 Phrygum.

248 1262 340 1321 Nunc
360 1263 516 1320 servitutis
536 1263 713 1338 compotivit
731 1281 781 1320 me
801 1262 899 1337 Dens,

247 1349 287 1407 lit
309 1356 364 1405 tua
384 1347 525 1405 domitrix
546 1347 661 1404 dextra.
684 1355 845 1423 postquam
866 1367 938 1427 ergo
960 1349 1096 1408 ictuum
1164 1360 1218 1414 teo

249 1432 360 1493 Cubile
381 1432 522 1503 conveni,
546 1451 586 1490 ex
608 1451 645 1488 eo
669 1433 777 1492 studeo
797 1434 862 1492 tibi.

248 1517 337 1592 Quod
358 1518 485 1576 obsecro
507 1526 537 1574 te
555 1535 669 1593 perque
691 1536 879 1578 communem
901 1519 1007 1591 larem,

249 1601 435 1677 Sociurnque
457 1603 579 1675 lectum,
601 1601 632 1658 in
654 1621 743 1676 quern
766 1612 890 1680 optume
911 1605 1118 1678 convenimus,

247 1687 309 1759 Ne,
338 1687 408 1744 dum
430 1705 479 1744 me
499 1686 612 1762 iniquis
635 1688 731 1746 tradis
756 1687 788 1746 in
810 1709 932 1747 manum
952 1689 1024 1761 tuis,

249 1771 425 1844 Committe,
449 1781 481 1829 nt
505 1771 543 1830 iis
566 1771 710 1830 infamiae
732 1774 764 1832 in
787 1793 898 1833 caussa
919 1775 1012 1833 inam.
1164 1769 1215 1822 495

249 1856 282 1919 Si
306 1857 446 1929 moreris,
467 1875 502 1914 ac
523 1875 581 1916 nos
604 1866 702 1916 morte
724 1858 864 1919 destituis
888 1867 949 1930 tua,

248 1943 338 2002 Ilicet
361 1942 466 1999 eodem
489 1951 607 2016 raptam
628 1943 665 2000 ab
689 1945 811 2020 Argivis
832 1945 890 2017 die,

248 2028 463 2101 Tractamque,
486 2045 594 2102 meque
610 2029 831 2103 parvolumque
848 2028 962 2100 diriter,

247 2113 444 2172 Famularum
465 2112 503 2169 ad
523 2131 616 2169 unum
640 2114 750 2190 degere
773 2121 902 2172 aetatem
926 2119 1058 2170 autumo.

248 2197 398 2258 Oratione
420 2206 483 2255 tum
506 2199 574 2272 quis
597 2198 727 2260 incilans
749 2198 848 2273 malus

245 2283 403 2342 Dominus
426 2301 540 2355 amara,
560 2284 688 2359 aspicite
711 2285 879 2360 coniugem,
902 2282 1027 2356 inquiet,

246 2369 365 2439 Aiacis,
383 2367 530 2443 Argiviim
553 2369 686 2426 omnium
709 2367 885 2439 fortissumi,

248 2454 338 2529 Quae
361 2452 506 2510 servitute
526 2453 615 2527 quale
639 2455 767 2512 mutavit
784 2452 901 2512 decus?
967 2506 975 2521 ,

247 2537 336 2596 Haec
360 2537 440 2594 dicet
460 2537 581 2612 aliquis.
606 2558 654 2596 me
673 2540 793 2613 quidem
815 2540 950 2596 incesset
970 2534 1064 2594 Deus.

247 2622 416 2681 Inhonesta
435 2622 508 2681 vero
531 2623 606 2682 haec
628 2633 658 2680 et
678 2625 732 2683 tibi
756 2632 787 2681 et
809 2624 868 2682 tuis
891 2630 989 2679 erunt.

249 2707 311 2770 Sed
332 2715 509 2765 revereatur
530 2718 559 2768 te
581 2709 688 2784 patris,
708 2728 798 2785 quem
821 2711 853 2766 in
875 2706 957 2765 exite

247 2796 361 2854 Aetate
386 2792 514 2867 linquisc
535 2794 590 2852 sed
614 2794 653 2853 sit
671 2803 701 2851 et
722 2795 843 2869 quidem
865 2792 964 2869 pudor

247 2877 395 2938 Parentis
417 2878 505 2936 annis
528 2879 655 2952 obsitae,
680 2898 757 2955 quae
780 2879 904 2956 saepius

246 2964 364 3023 Redire
386 2970 417 3020 te
438 2970 523 3038 optat
541 2955 652 3023 vivum
664 2973 694 3022 et
714 2965 897 3023 incolumem
919 2961 1050 3019 domum.

246 3049 397 3108 Miserere
420 3049 503 3126 gnati
524 3049 661 3126 parvoli:
686 3050 834 3124 siquidem
857 3049 923 3105 cibo

247 3134 368 3194 Caesus
389 3132 512 3190 novello
532 3143 562 3192 te
582 3134 649 3193 sinc
671 3142 801 3193 aetatem
825 3133 929 3209 exiget

245 3221 290 3280 Ut
313 3218 419 3289 orbus,
438 3225 470 3274 at
490 3239 552 3277 non
573 3237 671 3277 carus.
693 3220 731 3277 oh
754 3219 875 3293 quantis
898 3213 999 3285 malis,

247 3303 283 3366 si
302 3302 445 3374 moreris,
467 3303 564 3377 illum,
587 3323 695 3379 meque
717 3312 889 3380 compotem
908 3300 1004 3358 faciel
1036 3321 1039 3331 ·
1084 3349 1089 3356 .

247 3390 295 3447 Te
317 3395 439 3463 praeter
462 3387 544 3446 aliud
562 3390 709 3467 praesidii
726 3389 770 3448 nil
792 3389 940 3462 reliquum

245 3473 360 3534 Video.
379 3475 431 3530 tua
452 3493 523 3531 nam
544 3475 645 3551 patria
666 3474 768 3533 deleta
789 3482 838 3534 est
858 3491 961 3541 manu,

247 3558 467 3633 Genitrixque:
489 3560 613 3640 genitort
628 3560 739 3618 occidit
759 3561 821 3618 tato
842 3578 907 3629 sno,

245 3645 287 3704 Et
308 3642 473 3702 mortuales
493 3645 629 3703 incolunt
651 3645 723 3706 Orci
743 3645 882 3702 domus·

246 3728 349 3804 Quam
368 3746 485 3804 quueso
507 3730 624 3790 dulcem
648 3747 821 3807 comparem
842 3725 969 3872 pati2igm
991 3723 1067 3783 tibi?
