3059 4492
735 416 904 564 A.

354 639 395 700 Et
418 657 495 714 quos
512 639 801 716 habebaturque,
820 660 882 699 uno
904 629 1051 715 temporis

354 723 507 782 Damnum
529 734 559 780 et
582 723 710 785 salutem
733 733 959 799 consequuntur
980 724 1104 800 impetu.

353 809 500 884 Princeps
523 809 631 867 tributi«
648 810 769 890 nomine
792 811 942 886 [c]unctas
967 809 1077 867 civium

354 893 489 967 Delibat,
507 894 588 952 idem
609 902 746 970 praestat
766 904 798 953 et
818 903 898 954 tutas
923 913 1009 969 opes.
1029 935 1033 941 ·

355 1063 405 1122 52.
451 1060 498 1122 Sit
517 1064 578 1121 dux
599 1064 714 1140 peritus
734 1063 856 1122 ordines
878 1063 1056 1139 disponere:

353 1146 472 1206 Dinrna
488 1155 588 1208 castra
609 1149 720 1207 muniis
743 1148 944 1226 distinguere:

353 1231 509 1292 Nocturna
531 1233 611 1291 vallo
636 1235 756 1311 cingere
777 1241 808 1291 et
830 1233 983 1291 custodia:

355 1316 412 1377 Oui
430 1319 509 1376 Fors
531 1318 571 1377 sit
593 1337 718 1396 anceps⁷
741 1327 823 1377 certa
842 1319 954 1390 virtus‚·
971 1316 1022 1393 qui
1042 1315 1123 1392 capit

355 1403 550 1474 Occasiones,
575 1403 684 1479 quique
709 1404 810 1462 differt
830 1403 972 1480 impetus.

351 1486 453 1546 Pedes
476 1487 524 1546 sui
547 1488 588 1546 sit
608 1488 705 1546 factus
728 1488 767 1546 ad
788 1489 892 1546 iussus
913 1488 1010 1560 ducis,

352 1573 507 1648 Frequens
529 1573 613 1630 adire
633 1573 731 1651 signa,
754 1592 824 1631 raro
849 1591 1020 1644 excurrere,

353 1656 436 1716 Raro
457 1657 589 1733 experiri
612 1658 737 1717 fortuita
760 1658 888 1735 praelia,

354 1739 415 1802 Sed
438 1762 471 1802 se
496 1744 552 1802 sub
574 1743 652 1820 ipsis
670 1744 823 1802 continere
845 1743 978 1804 sedibus.

353 1827 454 1902 Eques
475 1839 583 1904 parate
603 1829 643 1887 sit
665 1828 746 1886 celer
764 1829 934 1899 victoriam,

353 1911 411 1968 Vel
433 1914 537 1972 tardus
559 1915 603 1971 ita
623 1914 664 1972 sit
686 1915 804 1987 cedere,
826 1923 861 1972 ut
880 1913 1053 1972 constantia
1111 1941 1115 1947 v

355 1994 510 2056 Cunctatio
532 1999 581 2072 sit,
595 2008 638 2064 *et
660 2009 758 2058 metus
781 2001 935 2058 velocitas.

351 2081 514 2142 Praestent
535 2085 651 2160 utrique
672 2093 796 2143 mutuas·
813 2087 896 2143 vices
919 2083 989 2155 sibi,

352 2166 424 2225 Dux
446 2169 616 2245 copiarum3
638 2171 857 2246 copiae-decus
879 2169 975 2227 ducis.

354 2249 416 2312 Sed
438 2253 617 2331 disciplinae
640 2255 787 2314 militaris
803 2256 900 2332 gloria
918 2261 982 2325 est·

353 2330 484 2412 Quando
509 2340 577 2398 duci
597 2340 666 2417 plus
687 2341 800 2413 fiditur,
820 2359 910 2414 qnam
933 2337 1039 2413 copiis.

353 2505 404 2565 53.
448 2505 507 2580 Qui
529 2527 651 2567 cernere
671 2529 775 2584 aequo*
786 2511 883 2567 Marte
904 2511 1132 2575 detrectaverat,
1219 2551 1224 2560 .

353 2591 531 2668 Ignaviane,
554 2594 731 2653 consciusne
754 2594 873 2666 virium,

352 2685 491 2752 Angusta
511 2697 653 2754 rumpens
675 2679 774 2737 factus
797 2688 844 2738 est
865 2679 1033 2737 andentior.

353 2757 409 2818 cui
430 2779 486 2837 per
506 2761 674 2840 phalanges
696 2763 851 2839 expedivit
869 2765 982 2823 exitum

350 2845 434 2904 Irata
456 2846 562 2920 virtus,
586 2848 634 2920 hic
655 2849 829 2906 tremendus
852 2850 982 2906 maxime
1003 2857 1062 2920 est,-

352 2927 451 3002 Quum
466 2931 539 2990 fecit
558 2933 677 2992 animos
700 2941 783 2991 arcta
800 2934 979 3009 desperatio.

351 3015 401 3076 Ad
420 3015 606 3077 moliendum
629 3018 762 3076 maxima
783 3021 935 3077 efficacior

351 3099 555 3161 Necessitatis
577 3121 696 3176 norma,
721 3123 810 3179 quam
834 3104 954 3163 uirtutis
976 3112 1032 3184 ept.

352 3271 403 3329 5'4.
445 3271 554 3332 Plures
577 3274 609 3330 in
631 3274 705 3331 urbe
724 3275 751 3332 si
775 3275 848 3332 boni
872 3275 943 3347 sint,
964 3290 1055 3350 quam
1075 3271 1159 3345 mali,
1264 3304 1268 3314 ·
1366 3310 1367 3345 3

350 3353 530 3430 Hominum,
553 3359 731 3433 quibuscum
751 3360 903 3437 transigas
924 3379 1033 3419 aevum
1055 3366 1150 3430 tuum,
1366 3354 1367 3439 i

351 3439 523 3502 Fastidiose
545 3443 635 3503 debet
655 3461 725 3504 esse
746 3445 866 3504 eiectio.
1117 3443 1265 3521 [maor]
1366 3452 1367 3527 i

351 3521 441 3596 Quod
460 3527 486 3584 si
505 3529 579 3586 boni
606 3529 669 3588 sint
685 3531 830 3601 rariores,
851 3547 942 3604 quan
965 3528 1048 3600 mali,
1366 3536 1367 3557 *

350 3609 476 3668 Frustra
498 3611 656 3689 eliguntur.
678 3613 739 3671 Pro
762 3615 879 3689 optimo
899 3619 949 3672 est
967 3612 1068 3670 minue
1089 3612 1198 3672 ndns.

606 3760 615 3796 t
