3059 4492
745 540 896 632 A

365 705 518 772 Procedit.
539 705 600 763 iam
621 714 728 764 cuncta
749 707 808 766 sibi
827 707 964 765 cedentia
987 707 1066 766 votis

366 790 498 848 Metitur.
517 809 594 864 quas
614 790 851 867 quisque-avida
870 811 925 867 spe
946 791 1069 849 devorat
1085 794 1187 866 urbes,

366 873 426 934 His
450 875 560 933 servile
581 875 684 953 iugum
705 877 868 950 intentant,
895 875 942 934 his
968 875 1068 934 vincla
1089 877 1258 937 minantur:

368 959 518 1020 Omnibus
538 960 674 1018 exitium.
696 960 843 1019 Necnon
863 961 1020 1038 poscentia
1041 952 1173 1038 pugna'm

366 1045 499 1121 Agmina
520 1043 699 1104 Castanides
723 1047 811 1105 dictis
836 1045 988 1104 accendit:
1011 1046 1121 1105 adesse

367 1129 501 1206 Tempus
521 1131 574 1202 ait,
597 1149 657 1203 quo
678 1130 762 1188 felici
783 1130 906 1189 victoris
925 1122 1010 1206 launi
1224 1132 1229 1140 '

365 1213 505 1273 Pictonio
525 1214 672 1291 requiem,
693 1215 785 1274 decus
807 1215 883 1291 ipsis
907 1214 1033 1274 sanciat.
1057 1217 1124 1289 uia,
1281 1283 1288 1292 ,

365 1298 534 1371 Poscimur,
557 1319 595 1358 en
616 1301 751 1360 Mavors:
772 1321 809 1358 en
831 1301 965 1370 Mavors3
985 1300 1149 1376 poscimur,
1170 1301 1283 1378 inquit.

367 1381 463 1460 Signa
484 1392 617 1457 movent,
638 1386 810 1460 strictisque
833 1393 943 1442 acuunt
963 1386 1153 1445 mucronibus
1171 1387 1247 1446 iras.
1338 1407 1340 1417 ยน

366 1466 452 1540 Quae
473 1468 531 1526 fuit
552 1469 607 1526 illa
630 1471 713 1529 diest
736 1490 825 1545 quam
849 1471 943 1528 multa
964 1470 1056 1528 caede
1078 1470 1192 1554 piatum

365 1553 406 1611 Et
425 1571 528 1610 carcer
547 1555 643 1631 patris
668 1564 726 1627 est,
747 1563 778 1613 et
799 1556 862 1612 nati
880 1555 972 1614 funus
993 1557 1149 1614 acerbuml

366 1637 427 1695 Hic
446 1656 544 1712 neque
568 1659 639 1697 cure
660 1634 741 1698 subit
754 1647 911 1715 quaestus,
925 1659 1022 1715 neque
1039 1631 1164 1716 paroer'e
1177 1642 1283 1716 victis,

366 1721 433 1780 Nec
454 1723 587 1798 precium
609 1725 705 1799 captis
725 1725 888 1801 imponere.
914 1723 1057 1800 Corpora,
1076 1745 1154 1800 quae
1176 1747 1236 1785 nou

367 1807 462 1883 Optat
483 1809 626 1867 avarities
648 1810 745 1883 lucro,
767 1811 847 1888 rapit
871 1809 945 1869 ultio
967 1811 1063 1868 caedi.

366 1892 529 1951 Vindictae
550 1913 626 1971 gens
648 1902 714 1953 tota
735 1895 831 1953 datur.
854 1894 934 1954 Nam
956 1903 1077 1953 caetera
1096 1897 1193 1971 pubes

366 1975 416 2036 Na
435 1987 552 2053 pereat,
572 1979 660 2056 perit,
683 1988 713 2038 et
731 1981 853 2056 patulas
876 1999 909 2040 se
930 1979 1019 2038 mittit
1040 1981 1072 2038 iu
1093 1982 1200 2040 undas.

366 2065 465 2138 Atque
490 2063 600 2139 aliquis
619 2084 720 2141 prono
745 2066 933 2124 descendens
956 2084 1044 2122 amne
1059 2065 1162 2124 *viator

365 2147 487 2206 Funera
509 2149 699 2208 dinumerare
721 2149 807 2209 velit:
828 2151 883 2209 sed
905 2150 998 2227 longa
1018 2157 1175 2209 natantum

367 2232 502 2293 Obsistit
524 2234 634 2293 serias:
654 2254 797 2295 uumerus
819 2254 886 2294 oum
908 2235 1031 2294 flumine
1052 2237 1171 2310 crescit,

367 2315 445 2375 Cum
465 2338 590 2378 numero
608 2319 723 2379 Paean.
741 2321 846 2398 Ligeri
865 2321 924 2393 dio,
947 2339 1057 2397 magne
1079 2321 1229 2399 Vigenna,

366 2400 436 2474 Dio,
460 2403 562 2480 Liger,
586 2404 725 2477 Oceano,
746 2407 861 2464 victrici
883 2405 989 2463 cedere
1010 2413 1117 2464 cuncta

367 2485 563 2546 Castanidum
587 2489 728 2548 dextrae:
755 2491 864 2550 fluvios
887 2491 1000 2549 servire
1021 2490 1193 2568 triumphis.

409 2569 482 2630 Non
500 2592 557 2649 ego
579 2583 687 2632 cuneta
706 2590 775 2634 meo
798 2575 956 2650 complecti
976 2575 1108 2634 carmine
1129 2577 1263 2653 possim,

366 2653 440 2717 Nou
462 2658 580 2730 Martis,
604 2678 667 2718 uon
689 2660 775 2734 pacis
800 2679 892 2736 opus:
916 2679 991 2736 ques
1012 2661 1109 2718 Marte
1128 2662 1264 2722 rebelles

367 2738 497 2799 Disiecit
518 2750 636 2819 gentes,
658 2743 780 2819 placida
802 2763 877 2818 quas
899 2763 975 2821 paee
998 2745 1111 2822 ligavit.

366 2825 443 2897 Ista,
465 2828 603 2885 Maronei
623 2847 700 2902 quos
723 2829 809 2888 afflat
831 2829 954 2905 spiritus
978 2832 1083 2902 uestri,

367 2909 480 2970 Utilius
503 2913 582 2971 seris
603 2913 742 2972 miranda
759 2916 922 2991 nepotibus
946 2915 1043 2973 edent

366 2993 435 3054 Nos
457 2997 588 3058 humiles
608 2999 738 3072 animae,
761 3000 828 3074 quis
848 2999 968 3058 solvere
990 3000 1167 3075 quaestibus
1187 3019 1241 3057 ora

366 3080 427 3138 Vix
449 3081 547 3156 datur,
568 3083 694 3142 inferias
716 3103 856 3162 magnae,
873 3103 948 3161 quas
960 3103 1136 3161 possumus,
1153 3085 1283 3144 umbrae

366 3165 525 3240 Libamus,
547 3176 655 3227 tenues
678 3189 833 3242 numeros,
858 3169 1035 3245 defectaque
1058 3171 1160 3242 verba,

367 3249 508 3330 singultu
527 3254 644 3312 medias
664 3254 901 3330 interrumpente
923 3257 1074 3340 querelas.

408 3337 531 3414 Ergone
554 3348 595 3412 te,
618 3340 665 3397 cui
688 3347 735 3398 tot
755 3340 872 3416 creperi
891 3339 1068 3400 discrimina
1087 3339 1193 3398 Martis

367 3418 544 3496 Cesserunt,
570 3425 663 3484 toties
689 3425 763 3483 belli
784 3426 907 3484 fortuna
928 3426 1075 3502 pepercit,

366 3504 454 3563 Lecti
474 3507 569 3568 invita
589 3510 687 3585 quies,
708 3518 739 3568 et
759 3511 862 3588 segnis
879 3511 989 3568 inertia
1011 3510 1110 3568 morbi

365 3590 522 3650 Abstulit?
542 3595 698 3653 occiduum
718 3597 857 3670 quamvis
881 3596 937 3654 tibi
957 3603 1094 3672 vergeret
1115 3613 1235 3665 aerum,

366 3675 407 3735 Et
429 3684 567 3752 quartum
588 3689 634 3736 ter
655 3680 761 3753 quinta
776 3688 900 3757 urgeret
923 3679 1083 3755 Olympias
1104 3697 1233 3737 arnume

366 3759 479 3822 Sobria
502 3768 532 3818 te
553 3762 692 3820 iuvenem
714 3763 846 3822 faciebat
868 3765 930 3820 vita
953 3763 1058 3836 rideri,
