3059 4492
655 505 804 600 jug

272 674 372 750 Ripae
394 671 449 731 sed
467 671 546 730 alios
566 683 656 748 atque
679 673 837 734 Teuchiris
860 676 932 754 iuga
995 719 998 725 ·

271 758 380 816 Vicina
399 758 523 828 flebunt,
546 756 648 814 littore
670 759 785 818 eiectos
806 761 911 836 procul

271 842 403 901 Atlantis
426 842 466 898 ad
489 842 609 900 deserta
632 843 795 916 territoria,
944 831 949 846 ⁸

271 926 416 986 Membris
438 935 600 984 nocentum
622 927 793 988 lancinatos
815 930 1011 1007 fragminum:
1051 943 1057 948 ’

271 1015 409 1088 Mopsum
432 1011 642 1072 Titaeroneum
666 1014 718 1071 ubi
742 1013 815 1073 olim
833 1016 954 1074 navitae

270 1098 367 1156 Busto
388 1096 524 1154 indidere
545 1105 706 1170 mortuum,
728 1111 757 1156 et
777 1100 866 1157 busto
888 1118 981 1177 super

272 1181 413 1242 Statuere
436 1182 557 1258 cippum
579 1182 735 1240 funebrem
757 1186 878 1260 Argoae
896 1187 991 1244 trabis

271 1267 449 1326 Transtrum
471 1266 633 1339 revulsum,
656 1267 787 1326 manium
811 1269 978 1343 donarium,

269 1352 411 1429 Ausigda
431 1349 630 1427 Ginnyphaea
651 1347 730 1426 quo'd
752 1354 856 1430 rigans
878 1374 957 1430 aqua

270 1437 426 1496 Fecundat
445 1436 543 1494 undis.
564 1445 612 1497 ast
630 1437 750 1496 alumno
772 1438 867 1496 Nerei

271 1522 389 1580 Tritani
414 1518 537 1580 Colchis
561 1541 668 1581 munus
695 1543 773 1580 uxor
794 1523 912 1594 obtulit,

270 1607 371 1664 Lunae
392 1606 511 1682 capacis
533 1624 654 1666 aureum
676 1608 874 1680 carchesium,

269 1691 331 1750 Iter
352 1691 474 1749 docenti
494 1709 554 1766 qua
575 1711 630 1767 per
649 1701 794 1769 angustas
815 1694 885 1752 freti

269 1776 415 1833 Immittat
438 1794 506 1834 aras
530 1775 647 1853 Tiphys
668 1777 851 1836 incolumem
872 1784 975 1834 ratem.

269 1861 309 1920 Et
329 1862 397 1918 iura
418 1859 554 1920 Graecos
575 1862 696 1920 Africae
719 1881 880 1939 capessere

269 1945 442 2022 Pontigena
460 1954 532 2003 tunc
552 1947 690 2006 biformis
712 1954 830 2006 asseret
850 1946 934 2015 deus,

270 2030 345 2090 Cum
367 2049 475 2089 munus
500 2031 531 2088 id
546 2032 633 2106 plebs
650 2033 781 2090 offerens
804 2031 986 2106 reciprocum

168 2141 171 2156 ·
268 2116 403 2193 Libyssa
425 2115 572 2189 Graecae,
594 2117 711 2193 patriae
733 2123 907 2190 exemptum
928 2113 1026 2170 dabitt

269 2203 411 2284 Metaque
433 2202 489 2258 fati
510 2221 618 2260 munus
638 2203 793 2276 Asbystae
814 2199 913 2257 infera

269 2286 402 2344 Telluris
425 2287 532 2349 umbra
553 2289 656 2348 subter
674 2286 810 2362 ignotum
830 2286 967 2356 obruent,

268 2368 330 2450 Ubi
352 2372 456 2428 ducem
477 2372 675 2430 miserrimum
697 2369 912 2446 Gyphensium,

267 2455 446 2537 Nautasque
469 2456 507 2513 ad
526 2476 616 2514 unum
639 2457 733 2513 flabra
754 2454 892 2512 Volturni
910 2462 1045 2530 egerent,

268 2542 308 2599 Et
331 2561 371 2599 ex
389 2541 522 2617 Palytris
545 2541 638 2598 filium
660 2540 897 2610 Tenthredonis,

268 2627 538 2703 Mphrysiensem
559 2625 726 2703 principem
745 2625 974 2700 Euryampium,

267 2711 307 2769 Et
328 2712 500 2787 optimatem
524 2709 730 2786 saxicorporis
752 2710 815 2785 lupi

267 2795 428 2854 Donorum
451 2796 584 2868 edacem,
607 2803 637 2854 et
660 2794 798 2854 culminis
821 2793 1037 2872 Tymphrestii.

267 2879 403 2953 Quorum
423 2881 542 2955 quidem
564 2885 735 2957 Aegoneam
758 2881 811 2938 alii
832 2881 959 2955 patriam

266 2965 485 3024 Desiderantes
507 2973 595 3040 atque
617 2966 763 3024 Echinum
788 2971 818 3023 et
840 2965 986 3036 Titanum,

168 3113 169 3118 ἵ
265 3051 419 3125 Irumque,
440 3058 503 3108 tum
520 3050 682 3123 Trachina,
704 3058 768 3108 tum
786 3050 1018 3108 Perrhoebicam
1066 3053 1069 3056 ’

267 3135 387 3194 Gonum
407 3135 645 3210 Phalanumque,
675 3143 763 3209 atque
788 3135 968 3194 Olossorum
991 3134 1069 3205 sola,

264 3222 305 3279 Et
326 3219 528 3293 Castanaean,
548 3221 731 3296 insepultum
752 3221 783 3278 in
805 3220 930 3295 rupibus

265 3310 384 3365 Aevum
406 3307 554 3382 supremis
579 3305 770 3365 eiulahuntur
790 3305 889 3363 malis.

266 3390 318 3451 Sic
337 3392 419 3448 aliud
440 3391 492 3448 alii
513 3393 602 3450 funus
627 3391 770 3468 adiunget
787 3389 883 3461 Deus,

263 3475 352 3534 Dura
370 3488 440 3534 ante
460 3477 573 3536 reditus
596 3478 732 3534 excitans
757 3474 938 3532 discrimina.

264 3561 356 3619 Illum
376 3563 486 3621 Aesari
508 3563 599 3633 unda,
622 3569 651 3618 et
671 3561 813 3637 oppidum
835 3558 1012 3617 minutulum

265 3647 441 3720 Oenotriae,
463 3646 622 3720 Crimissa,
644 3647 731 3704 torris
752 3645 838 3702 noxii

262 3730 449 3793 Stinctorem
472 3733 605 3804 habebit,
627 3749 714 3807 quem
736 3728 895 3790 momordit
905 3733 1048 3872 {papeha

1181 943 1235 997 880
