3059 4492
1345 498 1462 557 109

570 667 712 727 Hoc
760 666 1002 738 melius,
1046 667 1203 742 quod
1242 687 1367 727 non
1415 668 1510 726 his
1556 667 1832 744 graviora
1872 667 2061 729 vides.

490 753 686 828 thue
729 751 852 809 Dei
888 748 1113 809 famulo
1156 772 1274 810 non
1304 752 1518 829 Hip-po
1564 753 1891 828 superstite
1935 761 2113 830 capta
2158 761 2273 827 est,

571 837 770 910 Quum
815 844 1089 911 quateret
1133 837 1396 914 Libycas
1444 837 1757 895 Vandalus
1798 837 1989 898 hostis
2034 857 2208 915 opes,

490 923 750 982 Indulsit
783 921 898 978 tibi
941 922 1030 980 sic
1071 922 1422 998 praesentia
1463 921 1773 993 Numinis,
1814 923 1931 980 isto

568 1006 837 1067 Cernere
881 1025 958 1063 ne
995 1024 1219 1082 posses
1267 1006 1552 1065 ulteriora
1596 1006 1773 1064 male.
1859 1043 1861 1046 >

489 1097 684 1167 Atque
735 1091 962 1149 utinam
1008 1091 1237 1151 celeres
1280 1092 1522 1169 rapiant
1563 1092 1778 1168 procul
1825 1092 2032 1150 omina
2070 1095 2258 1167 venti,

566 1178 650 1236 Et
692 1176 901 1254 potius
942 1177 1201 1234 mendax
1248 1177 1494 1235 finxerit
1527 1177 1651 1234 ista
1695 1184 1906 1237 metus.

493 1261 612 1323 Sed
662 1270 722 1319 te
761 1260 1025 1333 felicem,
1068 1263 1171 1336 qui
1215 1281 1338 1319 non
1385 1262 1736 1338 spectacula
1777 1280 2075 1338 praesens

570 1348 704 1406 Ista
745 1347 962 1423 gemis,
1007 1346 1104 1404 vel
1147 1366 1272 1405 non
1315 1347 1619 1404 deteriora
1662 1347 1863 1405 times.

490 1431 623 1492 Nos
665 1430 965 1503 infelices,
1007 1439 1112 1488 tua
1151 1451 1308 1506 quos
1352 1432 1632 1490 absentia
1680 1433 1839 1490 curis

570 1517 731 1589 Urit,
779 1524 840 1573 et
879 1515 1259 1574 immemores
1307 1536 1422 1574 non
1467 1517 1615 1575 sinit
1651 1535 1794 1576 esse
1835 1517 1940 1576 tui.

495 1603 545 1662 Ο
587 1601 824 1677 quoties
867 1601 1072 1659 animo
1115 1601 1501 1660 venerandae
1548 1601 1771 1660 frontis
1822 1603 2049 1681 imagO,

567 1688 650 1745 Et
690 1685 930 1763 pulchri
975 1686 1214 1762 species
1260 1685 1384 1744 oris
1425 1687 1687 1746 honesta
1726 1688 1907 1761 subit,

492 1773 565 1830 Et
603 1771 832 1847 placidi
878 1789 1104 1843 mores,
1153 1780 1213 1828 et
1253 1771 1421 1828 fandi
1462 1771 1663 1829 lactea
1706 1791 1883 1846 vena,

569 1859 652 1916 Et
685 1876 812 1914 non
849 1873 1084 1914 moroso
1125 1856 1314 1914 tincta
1355 1856 1605 1931 loquela
1644 1856 1807 1916 sale!

496 1942 544 2003 Ο
587 1941 829 2017 quoties
872 1940 1088 2016 plenae
1132 1941 1544 1999 moderantem
1586 1942 1762 2000 frena
1800 1959 2065 2000 coronae

571 2025 1151 2101 Obstupuit-verbis
1191 2026 1456 2101 pendula
1492 2027 1672 2084 turba
1706 2026 1854 2084 tuis!

492 2112 569 2174 Ut
609 2121 670 2169 te
725 2118 1050 2187 spectaret,
1093 2112 1352 2187 patriam
1395 2131 1513 2168 non
1556 2111 1828 2185 linquere
1874 2109 2169 2184 GraecuS,

569 2196 856 2258 Sarmata
896 2215 1020 2255 non
1059 2196 1274 2273 longas
1321 2196 1554 2255 horruit
1597 2197 1685 2254 ire
1729 2196 1881 2254 vias.

492 2281 752 2342 Mollivit
793 2288 1000 2340 tantos
1047 2281 1363 2357 spectandi
1411 2299 1633 2340 caussa
1666 2281 1946 2340 laborest

568 2368 650 2426 Et
693 2365 919 2426 Sebam
962 2384 1196 2426 merces
1241 2366 1372 2425 sola
1421 2366 1628 2424 videre
1672 2366 1806 2424 fuit.

492 2456 566 2511 At
611 2453 755 2527 quia
798 2469 912 2508 nec
945 2451 1124 2510 nobis
1164 2451 1372 2509 doctae
1417 2451 1737 2508 dulcedine
1778 2450 2047 2527 linguae,

568 2535 926 2595 Praesentis
974 2539 1108 2595 vivo
1152 2554 1265 2593 nec
1307 2537 1483 2594 datur
1529 2555 1635 2595 ore
1684 2536 1825 2608 frui,

492 2621 665 2680 Nunc
712 2630 995 2698 superest
1038 2621 1216 2681 cultis
1261 2629 1495 2679 mentes
1542 2622 1858 2680 advertere
1896 2619 2095 2693 libris,

569 2709 650 2766 Et
686 2707 1087 2782 quodcunque
1126 2705 1272 2784 vigil
1319 2725 1462 2764 cura
1504 2707 1755 2783 paravit
1796 2723 1969 2782 opus.

492 2793 560 2851 In
600 2792 820 2869 quibus
869 2801 928 2849 et
962 2791 1185 2850 foetus
1209 2804 1396 2868 supra
1431 2800 1611 2866 caput
1655 2790 1870 2849 extulit
1912 2806 2125 2849 omnes

569 2877 684 2936 Ille
728 2885 962 2934 tuorum
1007 2896 1278 2953 operum
1297 2895 1535 2936 summa
1578 2885 1895 2955 caputque
1920 2875 2106 2946 l1ber,

495 2961 618 3036 Quo
656 2962 972 3039 penem-ale
1009 2961 1177 3020 Novi
1217 2970 1524 3020 reseratur
1547 2960 1891 3034 Foederis,
1928 2961 1993 3018 in
2038 2978 2156 3034 quo

571 3047 878 3108 Discussa
920 3047 1114 3104 lucem
1157 3055 1330 3104 nocte
1377 3046 1583 3104 videre
1625 3047 1818 3105 datur.

493 3131 607 3192 Hic
652 3133 834 3191 nobis
882 3130 1046 3192 Seba
1086 3140 1200 3204 est,
1249 3130 1472 3193 Sebam
1515 3140 1864 3208 spectamus
1906 3130 1970 3186 in
2014 3128 2145 3186 illo.

572 3217 769 3284 Totus
811 3217 872 3274 in
917 3218 1034 3276 hoc
1071 3217 1322 3316 speculo
1361 3215 1526 3278 Seba
1563 3217 1856 3275 videndus
1903 3214 2095 3271 adest.

494 3300 626 3361 Non
666 3302 789 3360 alia
835 3310 950 3374 est,
992 3321 1147 3376 quae
1189 3309 1250 3360 te
1291 3302 1786 3379 praesentiaque
1806 3319 1912 3358 ora
1952 3297 2222 3365 reducat,

568 3386 946 3464 Usurpanda
981 3387 1176 3445 oculis
1221 3387 1386 3464 picta
1424 3387 1652 3445 tabella
1692 3385 1864 3443 meis.

493 3472 736 3548 Iamque
778 3471 934 3531 vale.
975 3471 1191 3530 Toties
1241 3473 1387 3529 mihi
1429 3490 1602 3529 mens
1650 3479 1709 3530 te
1754 3471 1945 3547 fingat
1986 3463 2232 3537 adesse,

573 3559 646 3617 In
670 3557 865 3616 -libris
912 3557 1152 3632 quoties
1191 3556 1458 3616 haeserit
1485 3555 1596 3613 illa
1636 3556 1826 3615 tuis..

793 3653 938 3704 Obiit
976 3649 1110 3702 1605
1151 3652 1286 3702 XIII
1328 3651 1507 3702 Octob.
