3059 4492
260 647 457 722 Mensamque
478 646 611 719 caleam,
642 647 863 725 ius.supinans
887 657 918 707 et
937 651 1062 724 bonum,

259 731 353 790 Fatue
373 731 495 790 modum
516 740 638 790 secutus
660 750 749 792 ursae
771 734 944 792 incisorem.

259 818 339 895 Ergo
362 824 518 893 stupentes
540 816 654 876 frustra
671 818 802 877 tundens
825 819 957 891 nervias,

259 901 390 982 ligantia
412 908 442 959 et
461 901 562 959 ieiuna
581 902 711 962 fundens
733 904 882 962 carmina:

197 1013 200 1022 ⁸
260 987 323 1049 Sed
340 987 417 1045 flens
441 985 538 1044 adibis
561 987 690 1061 patriam
706 987 864 1048 incensam
885 989 982 1064 prius,

258 1074 407 1150 Exangue
429 1078 579 1146 spectrum
600 1071 739 1132 baiulans
759 1072 841 1132 ulnis
863 1073 924 1132 tuis

180 1153 182 1161 '
259 1159 325 1216 Iam
346 1156 475 1232 quinque
498 1163 608 1231 nuptae
629 1157 775 1233 Thyades
802 1158 995 1217 Pleuronius.

259 1242 353 1304 Setae
376 1248 496 1303 cataees
517 1260 647 1316 namque
669 1239 852 1301 Carmentae
871 1244 949 1301 mari

259 1329 325 1386 Iam
349 1325 488 1403 panuclis
509 1345 620 1384 nevere
642 1327 740 1398 trinis,
764 1328 909 1404 coniuges

260 1411 484 1471 Thalassiones
505 1411 636 1486 quinque
658 1411 813 1470 celebrare
831 1413 930 1471 illius:

259 1498 349 1557 Duos
373 1496 493 1572 quidem
516 1495 618 1554 videre
640 1497 810 1572 praedones
831 1498 923 1576 lupos

259 1581 337 1642 Oate
358 1583 511 1640 intuentes
532 1589 694 1657 praepetes
714 1581 925 1642 immussulos:

259 1667 353 1745 Plyni
375 1674 405 1724 et
424 1666 585 1742 Libyssae,
611 1664 770 1742 Caricique
790 1667 917 1746 gurgitis

259 1755 287 1812 E
313 1753 407 1827 stirpe
428 1751 725 1809 cretum'semicreta
746 1753 917 1825 barbarum,

259 1840 300 1896 Et
321 1855 391 1895 vere
411 1836 540 1913 Epeum,
562 1854 618 1893 nec
638 1837 758 1911 quidem
779 1839 925 1914 Argivum
945 1846 1024 1910 satu,

260 1921 416 1996 Odiusque
433 1940 522 1978 avum
542 1921 694 1994 quondam
712 1921 744 1978 in
764 1922 931 1982 molaribus
950 1923 1015 1981 suis

260 2008 427 2083 Hercynna
447 2005 561 2084 Educa,
583 2024 660 2080 quae
681 2007 760 2083 gerit
778 2007 970 2083 secespitam,

260 2092 378 2152 Furtim
395 2091 522 2149 minutal
543 2090 730 2164 frendicans,
757 2092 871 2150 tumulo
889 2092 1007 2162 indidit,

260 2164 391 2236 Humeri
414 2195 510 2234 vorax
529 2175 650 2251 epulata
672 2176 896 2254 cartilaginem:

262 2262 360 2336 Quem
382 2261 493 2318 dudum
515 2260 648 2319 adultum
670 2263 810 2334 virbium,
836 2271 867 2320 et
889 2261 1046 2339 cupidines

262 2347 381 2408 Graves
405 2352 560 2404 caventem
577 2347 699 2404 navium
719 2348 818 2422 promi
839 2347 887 2405 dei

261 2433 349 2492 Misit
373 2431 522 2490 Tarentus
541 2431 572 2489 in
595 2432 739 2491 Letrinae
759 2433 866 2510 iugera

263 2517 359 2579 Ocrin
380 2525 518 2593 paratum
539 2518 701 2593 praeterire
720 2517 865 2594 Molpidis

261 2602 405 2662 Lustrale
428 2603 510 2660 caesi
531 2621 639 2678 eorpus
660 2603 785 2661 imbrico
804 2603 881 2661 Iovi.

263 2687 369 2748 Soceri
388 2689 419 2744 in
438 2688 555 2746 ruinam
577 2688 627 2762 qui
649 2688 809 2745 trucidavit
832 2707 942 2764 procos

261 2772 357 2832 Iustis
379 2773 529 2844 nefandis,
550 2791 627 2848 quae
649 2771 770 2831 Camilli
790 2773 871 2832 filius

261 2857 406 2917 Paravit:
424 2858 475 2916 illc
495 2857 605 2934 poculo
628 2859 778 2918 exhausto
798 2858 916 2930 ultimo,

263 2942 450 3020 Cognomini
471 2942 608 3019 sepultus
632 2951 678 3002 cst
700 2941 832 3016 Salacia,

265 3026 396 3088 Suasam
418 3028 482 3086 suis
503 3026 604 3085 labem
624 3027 762 3105 insipans
784 3029 948 3099 natalibus,
1175 3027 1225 3081 165

263 3111 362 3173 Surae
381 3112 503 3188 petillae
524 3112 652 3189 Psyllan
674 3115 817 3191 aurigans
839 3131 959 3186 equum,

262 3197 387 3256 Picatae
410 3205 440 3255 et
458 3196 647 3272 Harpinnam
669 3217 772 3275 parem
794 3197 907 3276 ungula
929 3195 1032 3273 Strigi-

264 3282 402 3341 Tandem
422 3282 476 3340 illa
494 3290 631 3358 quartum
651 3284 773 3341 fratrem
789 3283 891 3340 adhuc
908 3280 1041 3340 tuebitur

261 3367 406 3426 Lircanei
426 3368 607 3444 acceptoris:
626 3368 678 3426 ille
701 3387 717 3425 e
738 3368 881 3426 fratribus
997 3363 1174 3440 [Oircuaeit]

261 3452 389 3530 Pugnae
409 3454 573 3512 secundum
595 3453 759 3512 acerrimae
783 3452 963 3530 palmarium
1174 3457 1225 3510 170

263 3539 389 3598 Tulisse
408 3546 480 3596 tunc
503 3546 634 3598 canetur.
657 3547 746 3613 atque
770 3539 802 3597 in
822 3535 964 3614 stragulis

262 3623 410 3699 Quintum
430 3624 532 3682 anxiis
552 3625 583 3681 in
606 3623 733 3683 somniis
757 3623 922 3681 exercitum

262 3711 394 3769 lactabit
416 3717 482 3768 atro
505 3710 646 3788 imaginis
668 3708 810 3780 ludibrio,
