3059 4492
755 505 776 564 9

690 590 842 600 ——-...

351 671 456 731 Corda
476 673 570 751 figitis
591 674 709 747 intima,

350 755 496 817 Sauciate
513 777 570 834 par
589 759 645 816 hoc
665 777 783 821 novum.

349 845 443 900 Anna
465 841 605 919 Gaspare
625 843 751 904 ferveat
798 901 800 904 .

351 926 475 1002 Gaspar
497 934 616 998 aestuet
636 930 736 987 Anna.

303 1012 409 1071 Ambo
431 1031 579 1089 compare·
592 1013 717 1071 vulnere

350 1096 483 1157 Saucius
502 1097 559 1155 tibi
576 1098 697 1156 tradidi.

296 1183 301 1195 ’
348 1182 469 1240 Puncta
489 1201 613 1240 munere
635 1202 702 1243 sum
722 1203 800 1243 meo.

348 1267 433 1343 Ergo
453 1267 579 1344 fungere
599 1276 632 1325 tu
653 1277 716 1340 tuo,

349 1351 537 1429 Hymenille‚
556 1353 702 1411 vicissim.

305 1437 373 1495 Fac
392 1455 480 1495 sacra
498 1445 609 1495 coeant
629 1438 689 1496 fide

347 1521 479 1579 Pectora
499 1521 637 1580 unanimi
658 1523 749 1581 simul

350 1606 537 1683 Temperata
558 1608 699 1685 eoagu103

349 1692 438 1766 Quae
464 1692 528 1749 dies
552 1693 749 1769 querimoniis

349 1776 446 1834 Nulla
466 1777 581 1835 dividat
603 1778 686 1836 olim.

306 1862 400 1937 Quod
420 1862 460 1920 sit
477 1863 577 1920 omine
597 1880 665 1920 cum
687 1863 778 1934 bono,

350 1947 451 2007 Omne
471 1947 645 2024 coniugibus
668 1948 780 2006 bonum

346 2033 520 2108 Imprecare
542 2033 724 2109 perenniter.

348 2120 377 2175 A
395 2117 556 2192 penatibus
578 2118 681 2176 omnia

348 2201 524 2279 Deprecare
546 2203 675 2262 nefasta.

304 2287 410 2346 Pestis
433 2287 523 2358 absit,
545 2295 576 2346 et
594 2289 717 2349 orbitas.

349 2370 491 2431 Gaudeat
511 2371 618 2432 domus
641 2393 742 2433 annua

346 2457 448 2515 Prole.
470 2457 631 2534 frugiferas
655 2479 731 2536 opes

349 2542 434 2600 Rure
455 2542 562 2600 fundat
581 2543 692 2601 adorea

348 2626 422 2685 Dite
443 2628 532 2703 copia
556 2646 660 2687 cornu.
818 2684 820 2687 .

304 2713 374 2785 uia,
396 2711 464 2786 quis
487 2731 579 2772 sonus
598 2713 669 2771 hic?
690 2714 733 2772 ita
753 2723 811 2788 est,

348 2798 385 2854 In
408 2796 530 2855 modum
550 2798 605 2855 tibi
626 2798 768 2877 Virgines

347 2880 508 2959 Nuptialia
528 2884 662 2941 carmina

349 2965 527 3025 Concinunt.
548 2969 604 3025 tibi
622 2969 751 3028 noctifer

347 3051 473 3126 Linquit
494 3052 652 3128 Hesperus
675 3054 795 3117 Oetam.

303 3136 431 3214 Impulit
452 3137 577 3195 thalami
600 3139 680 3197 fores

348 3221 447 3281 Cardo
469 3223 612 3282 stridulus
635 3242 757 3283 aeneas.

348 3305 500 3384 Coniuges
521 3327 577 3366 sua
598 3309 659 3366 iam
678 3320 769 3368 vocat

346 3392 444 3450 Hora.
470 3393 532 3450 iam
552 3395 684 3468 ueniant.
706 3403 770 3454 tero

347 3475 539 3536 collocentur
557 3480 682 3539 eburno.

301 3562 425 3622 Blanda
443 3563 558 3639 praelia
583 3573 753 3626 conserant.
837 3627 840 3633 ,

347 3647 540 3724 Implicantia
560 3650 684 3732 bnachia

345 3731 442 3792 Nulla
458 3734 505 3792 vis
526 3734 633 3792 ederae
652 3743 746 3793 tenax
