3059 4492
756 482 796 540 bl

323 648 404 707 Hinc
425 648 510 705 fovet
532 647 665 706 infantes
687 650 847 727 prudentia
866 649 940 708 iuris
963 650 1122 712 alumnos:
1220 683 1223 694 ·

364 734 468 791 Munia
490 733 646 792 abortivus
666 755 785 794 summa
808 734 938 795 Senator
959 736 1030 796 obit.
1058 769 1060 774 x

322 819 375 878 Dii
396 819 517 889 melius,
542 826 660 876 nostrae
679 821 759 896 quod
784 841 845 879 non
865 828 1008 896 pertaesa
1029 823 1168 881 iuventae

365 905 484 963 Erudiit
505 922 614 962 sensus
638 904 730 964 Curia
752 906 851 982 prima
875 923 970 964 meos.

323 987 457 1049 Exactos
479 987 580 1065 legum
599 1008 667 1046 mea
684 1010 772 1050 mens
795 998 932 1067 spectata
954 1011 1009 1066 per
1031 1001 1104 1051 usus

365 1074 535 1133 Emendate
559 1074 650 1132 bonis
673 1076 804 1134 cultibus
828 1084 897 1132 ante
922 1076 988 1132 fuit

323 1159 472 1235 Quicquid
497 1159 528 1215 in
550 1161 682 1218 aeternis
703 1161 837 1238 positum
861 1161 1058 1218 memorabile
1079 1162 1190 1220 chartis

365 1244 523 1302 Historiae
542 1245 654 1303 veteris
675 1246 763 1321 copia
785 1246 869 1304 dives
891 1246 995 1304 habet:

323 1329 467 1404 Quaeque
489 1347 545 1404 per
564 1328 691 1390 annales
713 1331 830 1406 priscos
852 1339 903 1387 aut
925 1329 1044 1388 Graeca
1069 1339 1215 1406 vetustas,

366 1417 541 1491 Magnarum
568 1423 620 1487 aut
638 1435 737 1473 rerum
759 1416 880 1474 conscia
903 1415 1000 1474 Roma
1020 1424 1118 1475 notat:

324 1500 402 1557 Tum
423 1499 547 1575 linguae
568 1499 698 1558 studium
721 1498 867 1559 Varronis
892 1517 979 1558 sacra
1000 1495 1114 1574 diserti,

366 1584 498 1642 Romani
521 1583 633 1658 eloquii
655 1598 792 1661 quaeque
813 1593 932 1644 tuentur
955 1605 1042 1661 opes:

324 1666 441 1727 Cuncta
463 1664 537 1725 mihi
558 1680 702 1747 percepta
721 1671 817 1746 prius,
841 1689 931 1746 quam
952 1671 1061 1728 audere
1085 1671 1203 1730 viderer

366 1753 469 1812 Nauta
490 1773 546 1830 pcr
568 1755 687 1830 ignotos
708 1755 860 1812 velificare
880 1755 975 1814 lacus.

323 1838 391 1898 Nec
412 1839 540 1897 blandas
562 1840 664 1916 sprevi
690 1841 868 1898 commercia
885 1840 991 1898 mollia
1012 1841 1127 1898 Musae.

367 1924 448 2000 Quin
469 1924 569 2000 spatia
588 1926 663 1982 haec
685 1926 774 1984 metis
796 1925 896 2002 prima
917 1925 1002 1982 fuere
1025 1925 1110 1983 meis.

323 2009 462 2086 Languet
478 2011 509 2067 in
531 2009 652 2068 incultis
675 2011 784 2068 animis
807 2011 965 2087 prudentia
992 2009 1106 2087 legum:

367 2093 516 2155 Sensibus
537 2095 692 2155 instructis
716 2096 812 2153 acrior
833 2096 886 2152 illa
909 2095 997 2153 subit.

323 2182 405 2239 Hinc
425 2200 474 2238 me
496 2180 629 2238 Romani
646 2181 790 2239 devotum
812 2181 886 2239 iuris
906 2180 1057 2238 alumnum

365 2265 532 2341 Excipiunt
553 2266 710 2325 Themidis
735 2283 823 2325 saera
844 2265 974 2324 verenda
995 2265 1090 2324 Deae.

323 2352 385 2409 Vix
406 2351 454 2409 his
475 2351 625 2426 egredior,
647 2371 717 2409 mox
740 2371 789 2408 me
810 2349 929 2408 Palatia
949 2345 1089 2426 poscunt.

366 2435 525 2494 Convenio
549 2436 637 2493 miles
654 2437 692 2493 ad
713 2455 782 2493 mea
803 2437 891 2512 signa
912 2437 1072 2512 frequensz

322 2521 444 2598 Fungcr
465 2521 623 2579 honoratis
647 2521 774 2593 vicibus,
798 2521 985 2594 celebrisque
1008 2539 1064 2596 per
1082 2537 1186 2578 omnes

329 2641 334 2650 ·
365 2605 493 2663 Militiae
513 2613 635 2664 exercet
655 2625 703 2662 me
724 2614 793 2682 toga
814 2606 902 2663 docta
922 2605 1041 2682 gradus.

321 2692 373 2769 Et,
391 2690 471 2764 quod
494 2698 567 2746 nota
588 2691 690 2748 forent
711 2691 922 2748 mihisumma
944 2691 1077 2767 negotia,
1098 2690 1215 2768 magnis

365 2775 542 2850 Principum
563 2775 702 2832 amicitiis
726 2775 849 2852 publiea
870 2795 941 2832 cura
962 2775 1015 2834 fui.

323 2859 465 2921 Summus
486 2874 565 2934 apex
584 2863 729 2932 restabat,
751 2860 877 2936 stipsis
899 2861 1042 2938 proxima
1063 2859 1151 2918 Divis

366 2944 451 3018 Quae
476 2943 559 3001 claro
580 2945 677 3022 fulget
696 2965 831 3021 purpura
852 2945 948 3020 prima
967 2946 1044 3004 loco.

323 3029 538 3090 Ilmendicatae
561 3050 624 3088 non
644 3031 722 3088 hanc
743 3031 888 3106 suffragia
907 3032 1000 3101 vocis,

364 3115 433 3174 Non
457 3133 583 3192 magnas
604 3115 728 3173 vincens
750 3116 881 3174 ambitus
905 3135 975 3174 acer
996 3133 1081 3190 opes,

322 3199 430 3260 Gratia
451 3221 510 3258 non
534 3201 696 3278 expressit.
719 3201 897 3258 inaffectata·
914 3219 1071 3277 supremus

365 3286 476 3344 Virtuti
496 3305 625 3363 magnae
643 3286 780 3363 praemia
799 3286 904 3364 pendit
923 3288 1029 3345 honos.

322 3368 395 3428 Non
417 3371 483 3429 sine
502 3371 573 3431 Diis
593 3372 727 3449 probitas
750 3379 907 3449 grassatur
928 3373 967 3429 ad
989 3370 1082 3428 ardua
1100 3387 1209 3426 rerum.

364 3453 437 3513 Non
459 3455 537 3516 levis
557 3464 604 3515 est
622 3458 731 3515 summi
752 3459 877 3516 conscia
899 3475 1009 3516 caussa
1030 3453 1151 3530 gradus.

321 3537 449 3598 Culmen
474 3541 512 3597 ad
533 3543 592 3600 hoc
611 3545 710 3619 patuit
728 3543 778 3600 via
799 3543 944 3602 moribus.
964 3543 1022 3597 hue
1044 3555 1113 3595 mea
1137 3539 1232 3598 virtus

365 3626 415 3682 Mo
437 3625 527 3682 vehit.
554 3628 630 3684 haec
649 3628 716 3684 rexi
739 3628 828 3703 signa
849 3631 977 3684 vocante
1000 3622 1079 3679 Deo.

323 3709 500 3787 Quamlibet
518 3711 640 3768 obiiciat
661 3712 751 3770 nobis
775 3728 891 3768 annosa
912 3714 1058 3777 vetustae,
