3059 4492
727 486 879 582 33-

390 648 576 736 θρυλλοῦντ’
596 649 714 738 ἔροιτος
733 652 975 736 φιλοπαίγμονος
995 650 1068 736 τέλη
1075 675 1086 729 ;

391 737 427 798 σὲ
445 738 496 799 τόν
516 735 627 819 γόητος
651 736 817 820 ἱροφάντην
840 736 1005 821 φαρμάκου

391 819 502 904 ἀνέδην
526 821 688 883 καταυλεῖν
710 824 775 889 τοῖς
796 821 874 904 ἐμοῦ
895 819 1002 904 ψόγοις
1016 819 1122 897 πόλιος

390 910 492 989 γραῶν
514 905 544 968 τί
562 905 625 990 χρὴ
648 905 683 966 σὲ
706 907 791 989 φῦλα
812 904 983 975 πλουτίζειν
1005 906 1122 989 μάγων,

390 988 565 1074 τομώτερον
588 1011 623 1050 τε
641 992 745 1072 κρᾶμα
768 989 886 1058 τοζιτοῦ
907 990 1031 1064 σπάσαι,

390 1074 419 1136 εἰ
439 1072 556 1157 πότμος
578 1073 671 1141 αὐτὸς
693 1074 855 1157 ὑστερήσει
876 1078 935 1135 τῶν
959 1075 1070 1150 λιτῶνς

391 1158 465 1243 τοίῳ
488 1161 636 1221 συνοικεῖν
660 1157 806 1241 δυσφιλεῖ
826 1158 948 1243 μέλλεις
971 1157 1039 1242 βίιρ,

392 1242 465 1305 όσον
486 1241 570 1310 νέαις
585 1264 633 1304 τοι
657 1242 749 1326 δηρὸν
773 1241 935 1326 αὐταρκεῖν
957 1241 1054 1310 δύαις.

389 1325 484 1388 ποθεῖ
498 1325 677 1389 πεπαῦσθαι
701 1326 944 1411 μηχανορράφος
963 1327 1064 1410 πατὴρ

388 1408 542 1484 Πέλοπος,
562 1411 705 1493 γλυκείας
726 1411 830 1478 δαιτὸς
848 1410 1062 1496 ἐστερημένος.

389 1495 485 1556 ποθεῖ
503 1493 691 1578 Προμηθεὺς
711 1495 807 1578 αἰετιγῖ
825 1494 1037 1579 πεπρωμένος.

390 1578 406 1641 ό
430 1576 583 1661 Σισυφεῦς
603 1581 658 1641 λῖιν
679 1579 723 1646 εἰς
743 1578 915 1663 ἀκρώρειαν
936 1579 1031 1642 ποθεῖ
1061 1635 1065 1643 .

389 1661 614 1746 όπερβιβάζειν,
636 1662 703 1725 οὐδ’
730 1662 768 1746 ἐᾷ
787 1662 906 1746 θεσμός
927 1662 1010 1732 Διός.

387 1750 530 1830 κρημνῶν
555 1745 622 1810 τότ’
646 1744 699 1809 οῦν
723 1747 865 1831 ῥοιζηδὸν
891 1748 1041 1833 ἐκβράσαι
1060 1747 1159 1832 δέμας

389 1831 482 1907 ἑλῶν,
503 1829 564 1893 τότ’
589 1829 643 1893 σόν
664 1831 814 1894 κνῶδοντ)
838 1832 911 1916 ἐλφῖν
934 1834 1115 1918 σπλαγχνῶν
1136 1834 1198 1898 Δία

390 1917 486 1998 μάτην
510 1916 673 1999 προσάξεις
692 1917 824 2000 ἀρτάνας
846 1922 885 1999 τῇ
907 1921 946 2001 σῇ
969 1915 1045 2002 δέρη

389 2004 472 2083 ζωῆς
494 2000 598 2062 ἀλόιυν
618 2005 673 2082 τῆς
693 2000 886 2084 ἀπυστόργου
911 2000 1005 2086 κόρφ.

389 2085 485 2166 ῶμοις
506 2082 569 2146 τότ’
589 2084 714 2169 ἐχθροῖς
736 2085 847 2169 σφόδρ’
870 2085 1152 2171 ἐπεμβατεόσομαι,

388 2169 466 2253 ἐμοῦ
488 2191 520 2230 τε
540 2167 681 2251 κόμπους
698 2174 772 2252 γαῖα
793 2171 1046 2254 προσκυνήσεται.

388 2251 437 2337 ἆρ’
460 2253 480 2336 ἢ
507 2254 678 2336 κραδαίνειν
700 2253 899 2337 κηρόπλαστα
918 2255 1051 2330 δείκελα,

388 2340 431 2406 ῶς
453 2336 511 2400 οόκ
530 2337 656 2421 ἄπειρος
678 2337 771 2401 οἶσθα
790 2339 842 2401 καὶ
866 2339 963 2423 μήνην
983 2339 1083 2401 πόλου

388 2422 469 2505 δεινή
494 2419 650 2491 τιςἼδιάις
673 2423 787 2492 ἐξελεῖν
810 2424 935 2508 ῥήτραις
953 2422 1042 2509 ἔφυν,

387 2505 520 2588 κλαῖοιμ’
544 2505 591 2583 ἀν,
615 2507 646 2570 ἐν
667 2507 716 2568 σοὶ
737 2512 791 2590 τῖγς
812 2509 1004 2592 ἀτεκμάρτου
1023 2507 1150 2594 τέχνης,

426 2604 480 2654 Ισισ
489 2604 634 2654 Horatiana
651 2605 739 2655 oblata
748 2606 786 2655 M.
798 2605 862 2676 λοι
870 2605 973 2658 Muteno
987 2607 1086 2657 Romae
1098 2621 1169 2658 υυοο
1181 2605 1257 2659 1565.

470 2758 620 2835 Propertii
640 2760 748 2838 Elegia
760 2762 884 2822 xxvu
904 2763 973 2821 Lib.
986 2762 1028 2820 H.
1042 2762 1130 2839 [ιιι]

343 2837 363 2921 ἦ
383 2837 422 2923 ρὰ
444 2837 532 2907 τέλος
551 2840 691 2922 ἀΐδηλον,
710 2842 885 2927 ἐφημέριοι,
906 2845 1051 2906 θανάτοιο

388 2922 547 2999 σπεύδετε,
568 2926 620 2987 καὶ
643 2924 770 3010 Μοιρῶν
795 2929 929 3010 ἀτραπὸν
953 2927 1103 3009 εῦμαρέα,

342 3010 394 3070 καὶ
420 3007 573 3072 Φοινίκων
594 3007 725 3095 θέσφατ’
751 3013 783 3074 ἐν
808 3011 910 3096 αἰθέρι
932 3012 1092 3095 νηνεμόησι

385 3092 513 3175 μνοῖσθε,
534 3095 654 3178 βροτοῖς
676 3095 705 3158 τό
725 3098 814 3181 φιλσν
838 3100 933 3178 σῆμα,
955 3095 1032 3158 τότ’
1056 3097 1235 3174 ἀντίπαλον,

343 3177 370 3239 εἰ
391 3175 537 3261 Παρθοὺς
561 3175 611 3240 ἔπι
628 3181 716 3251 πεζοὶ
741 3180 820 3263 ῖμεν,
840 3181 891 3244 καὶ
913 3180 1001 3264 νηυσὶ
1022 3177 1229 3265 Βρεταννοῦς,

385 3262 426 3324 εἰν
452 3262 502 3324 άλὶ
523 3265 592 3342 πᾶς,
616 3262 647 3324 ἐν
670 3269 711 3348 γῇ
731 3266 869 3334 κίνδυνος
890 3265 1050 3348 ἀπροϊδὴς,

341 3344 391 3407 τόν
415 3345 449 3408 θ’
477 3347 594 3430 όμαδὸν
614 3352 776 3433 κεφαλῆφι
797 3350 998 3435 ἐφιστάμενον
1020 3349 1170 3430 γοάασθε,

384 3432 555 3516 συμβάλλει
576 3433 680 3514 μῶλον
705 3437 748 3502 ῶς
769 3433 926 3518 ἑτεραλκέ’
943 3433 1051 3516 Ἄρης,

341 3513 391 3575 καὶ
409 3520 468 3597 πῦρ
485 3515 651 3584 θεσπιδαὲς
672 3519 724 3580 καὶ
744 3523 856 3602 πτῶμα
879 3519 1077 3602 δυμοσφσλὲς
1098 3516 1205 3596 οἴκοις,

383 3598 434 3658 καὶ
453 3596 539 3681 πόμα
561 3605 625 3668 σοῖς
641 3597 764 3685 ένεδρυν
787 3603 906 3687 χειλεσι
925 3624 988 3686 φορ
1014 3601 1116 3665 ακόεν.
1318 3601 1322 3608 ’

342 3677 423 3742 οἶδεν
446 3679 536 3764 ἐρῶν,
559 3683 630 3746 όταν
654 3686 684 3747 οἱ
709 3685 804 3770 μόρος
828 3685 959 3768 αἴσιμος,
981 3713 1002 3772 η
1028 3709 1062 3749 τε
1083 3685 1256 3774 πέπρωται,
