3059 4492
355 652 407 725 Ἐξ
431 651 573 737 ἀκμόνων
596 673 639 726 τε,
664 655 717 732 τῆς
739 677 770 715 τε
815 654 994 736 ειρωναξίας

358 738 596 810 Χαλκολτύπου,
610 735 770 839 ρφύραισιν
738 575 1020 840 ἐξωπλισμένης
1044 737 1270 812 [χαλκοκτ3πονῖ]

358 824 426 909 Κᾴκ
449 826 508 884 τῶν
529 820 706 923 κακούργων
731 822 879 886 τεκτόνων
903 824 1032 905 Ιρείσαων
1056 824 1115 887 ἄπο

359 903 578 993 Κεραμίδος
557 925 652 1011 66666
675 908 812 992 λευσίμῳ
832 911 1007 991 πετρώματι

358 993 488 1076 Κάρηνα
509 989 655 1073 καιρίαιαι
680 969 874 1092 θρυπτύντων
898 994 1015 1076 βολαῖς,

359 1077 420 1144 Και
443 1081 520 1221 2666g
509 1075 663 1157 ’ἑτοίμην
687 1080 739 1157 τῆς
760 1076 947 1159 ἀπειλυύρης
968 1079 1072 1141 δοκοῦ.

360 1161 479 1226 Τῶν
456 1199 464 1223 6
505 1159 699 1265 ἐνδρυφοίκτ
701 1183 747 1228 οις
767 1163 883 1243 θηρίων
907 1163 1094 1244 δικηφυὶγων,

359 1246 421 1312 Καὶ
442 1252 501 1308 τῶν
523 1240 577 1305 ἀπ’
604 1243 700 1348 6666
720 1199 888 1308 κνωδάλων
914 1247 1097 1327 δυσωνύμου

355 1333 476 1426 ’ᾼργῶν
500 1329 684 1410 πιθήκων
664 1351 729 1391 ωτα
751 1333 851 1392 διατετ
854 1329 993 1434 ρημένων

359 1414 499 1500 Κρίκοισι
522 1412 573 1474 καὶ
594 1411 734 1493 κόμαισιν
758 1415 789 1476 6
777 1437 918 1518 ησκημ
898 1414 973 1477 ίνων

361 1496 599 1580 Γυναικομίμοις
625 1498 803 1607 βοστρύχων
823 1499 1030 1628 κημεύμαυιν.

355 1583 482 1670 Ὀχλων
504 1605 537 1642 τε
556 1587 615 1643 τῶν
643 1583 726 1643 ἐν’
698 1607 770 1645 υσ
774 1585 873 1667 βων
860 1590 1003 1668 φυχῶν
991 1583 1077 1670 φόνῳ

360 1666 565 1751 Σφαγαισι
536 1688 552 1727 τ
589 1666 729 1748 ἐξάριστα
754 1671 918 1752 βαψυίντων
940 1651 1009 1753 ξίφίρ

360 1750 559 1822 Μυὶατιξινο
526 1773 580 1817 ους
601 1751 666 1832 δὴ
657 1755 808 1835 ποινίμοις
829 1755 894 1815 οἰατ
885 1757 1024 1836 ρηλατ
994 1777 1021 1815 ει

354 1835 520 1944 Ῥαίστειρ’
547 1835 662 1944 6666666
685 1840 735 1900 καὶ
758 1839 911 1920 θεήλατος
934 1840 1013 1920 δίκη,

351 1920 467 1992 Ὣς
431 1945 484 1984 ουν
505 1922 545 1982 ἀπ
551 1919 746 2027 ’ἐναγῶν
725 1947 781 1985 αστ
784 1946 833 1990 ευς
855 1921 902 2028 666
905 1924 1019 2006 ρισίων,

362 2009 448 2072 Δυστ-
440 2006 628 2090 εμφέλου
614 2008 689 2087 66
675 2011 763 2088 τῆς
747 2010 843 2070 παλαι
866 2006 958 2070 νύσυυ
985 2007 1070 2090 μύμς

359 2092 465 2174 Χειμ
445 2114 524 2158 ωνυς
546 2089 772 2174 ἐκνεύσαντυίμ
810 2091 969 2161 ἐξεδέξατο

362 2176 405 2242 Τὸ
423 2120 659 2240 Βινδοκινῶν”
638 2198 712 2238 αστυ
736 2179 787 2239 καὶ
805 2178 908 2261 φίλαις
922 2177 1038 2282 δοχαῖς

357 2259 561 2330 Ἐπεξένωαε.
583 2261 713 2366 τίμαλα
731 2264 881 2344 66660666
919 2259 1018 2345 ἔχωνς
1071 2331 1072 2336 ¹

362 2344 401 2409 T6
419 2351 555 2428 πρῶτον,
578 2341 599 2426 6'
621 2368 649 2405 τι
667 2346 818 2423 λοίσθιον,
841 2347 919 2428 πλὴν
906 2347 973 2407 ντί
992 2346 1028 2408 τὰ
1053 2350 1107 2408 σού

363 2431 553 2511 Φίλτοιταγ
578 2429 776 2514 ἐπιακέψαιμΙ
800 2431 874 2493 ἂν
860 2453 893 2499 ος
913 2432 1034 2493 πάντων
1062 2431 1130 2512 ἐμοὶ

356 2512 456 2600 Ἔφυς
472 2516 506 2578 τδ
525 2518 646 2596 πρῶτον
665 2516 716 2576 καὶ
738 2517 771 2578 τὸ
793 2516 929 2577 λοίσθιον
950 2519 1061 2598 χρεῶν.

362 2598 514 2706 Πρῶτον
512 2602 563 2662 τὸν
586 2597 670 2659 οἶκον
695 2599 758 2660 εἶτα
782 2601 834 2680 τὴν
860 2600 1017 2680 οἰκουρίδα

362 2681 409 2746 Τά
427 2706 460 2744 τε
482 2683 573 2746 τέκνα
593 2687 646 2743 τοῦ
670 2682 824 2765 φύσαντος
851 2685 1005 2765 ὀφθαλμὼ
1030 2684 1105 2746 δύω.

352 2765 397 2831 Ἃ
418 2769 467 2850 δ
490 2769 540 2830 τὸν
565 2764 659 2838 οἶκον,
683 2766 783 2839 τέκνα,
808 2768 860 2848 τήν
882 2768 1039 2850 οίκουρίδα

359 2792 470 2916 Ἀθῶύι
490 2854 589 2914 πάντα
614 2854 681 2912 σῶα
707 2850 731 2912 τ’
756 2852 882 2957 εὐθύνοι
907 2852 987 2919 θεύς.

361 2935 404 2999 Σδ
428 2935 514 3014 δ’,
492 2963 518 2999 ω
544 2937 674 3021 φίλοισιν
698 2935 884 3040 εύμενέρτατ
874 2959 919 2999 ον
930 2938 1020 3043 κάρα

358 3021 481 3086 Ἀθῶον
507 3003 632 3084 εὐθύνοι
656 3043 690 3082 σε
710 3043 761 3082 και
784 3025 863 3082 σῶον
876 3020 966 3089 θεός.

690 3109 770 3180 Vale,
797 3108 957 3168 V6‘66666'66’.

405 3190 541 3260 Τούτους
560 3189 712 3273 νοσηλοδς
730 3193 781 3253 καὶ
803 3191 1010 3275 πυρέσσοντας
1037 3191 1156 3274 στίχους

404 3275 539 3360 Πυρετδν
559 3299 599 3337 πυ
623 3275 721 3337 έσσων
744 3278 851 3344 νυκτὸς
872 3276 1084 3358 66666666666¹
1066 3297 1113 3337 κν.

560 3297 808 3425 ΧθλΣΤΙΑΝΟΣ
830 3299 1084 3440 ΣΚΑΛΑΝΩ[Ι].

363 3444 406 3509 Τδ
430 3444 662 3510 Βινδοκινῶν
640 3471 666 3506 ω
690 3446 780 3551 φιλας
800 3447 958 3548 πολίχνιον

362 3529 456 3613 Ζηλῶ
477 3537 633 3614 προτιμῶν
655 3531 706 3592 καὶ
729 3532 877 3612 μεγίστων
900 3529 1056 3606 ἄστεων[,]

364 3611 429 3679 Ούκ
452 3615 609 3697 εύάγιστον
633 3616 746 3678 ούνεκα
768 3621 889 3679 στεῦται
911 3616 1005 3694 δάκρυ

362 3701 477 3786 Λαχεῖν
500 3701 642 3782 μεγίστου
664 3705 718 3762 τοῦ
744 3701 861 3785 βροτῶν
886 3696 1052 3780 φερεσβίου
