<?xml version="1.0" encoding="UTF-8"?>
<!DOCTYPE html PUBLIC "-//W3C//DTD XHTML 1.0 Transitional//EN"
    "http://www.w3.org/TR/xhtml1/DTD/xhtml1-transitional.dtd">
<html xmlns="http://www.w3.org/1999/xhtml" xml:lang="en" lang="en">
 <head>
  <title>
</title>
<meta http-equiv="Content-Type" content="text/html;charset=utf-8" />
  <meta name='ocr-system' content='tesseract 3.04.00' />
  <meta name='ocr-capabilities' content='ocr_page ocr_carea ocr_par ocr_line ocrx_word'/>
</head>
<body>
  <div class='ocr_page' id='page_1' title='image "./poemataomnia01scalgoog_0393.png"; bbox 0 0 3059 4492; ppageno 0'>
   <div class='ocr_carea' id='block_1_1' title="bbox 683 480 746 540">
    <p class='ocr_par' dir='ltr' id='par_1_1' title="bbox 683 480 746 540">
     <span class='ocr_line' id='line_1_1' title="bbox 683 480 746 540; baseline 0.032 -2"><span class='ocrx_word' id='word_1_1' title='bbox 683 480 746 540; x_wconf 82' lang='grc'>385</span> 
     </span>
    </p>
   </div>
   <div class='ocr_carea' id='block_1_2' title="bbox 254 647 1171 1068">
    <p class='ocr_par' dir='ltr' id='par_1_2' title="bbox 254 647 1171 1068">
     <span class='ocr_line' id='line_1_2' title="bbox 254 647 1087 726; baseline -0.005 -16"><span class='ocrx_word' id='word_1_2' title='bbox 254 649 380 722; x_wconf 85' lang='lat' dir='ltr'>Vinule‚</span> <span class='ocrx_word' id='word_1_3' title='bbox 400 647 571 721; x_wconf 84' lang='lat' dir='ltr'>Multivole‚</span> <span class='ocrx_word' id='word_1_4' title='bbox 593 648 808 720; x_wconf 79' lang='lat' dir='ltr'>internuntius,</span> <span class='ocrx_word' id='word_1_5' title='bbox 831 649 999 726; x_wconf 82' lang='lat' dir='ltr'>Argilethe,</span> <span class='ocrx_word' id='word_1_6' title='bbox 1083 711 1087 720; x_wconf 28' lang='lat'><strong>¹</strong></span> 
     </span>
     <span class='ocr_line' id='line_1_3' title="bbox 255 730 1086 812; baseline -0.002 -17"><span class='ocrx_word' id='word_1_7' title='bbox 255 735 377 812; x_wconf 82' lang='lat' dir='ltr'>Alipes,</span> <span class='ocrx_word' id='word_1_8' title='bbox 401 744 431 793; x_wconf 85' lang='lat' dir='ltr'>et</span> <span class='ocrx_word' id='word_1_9' title='bbox 453 733 626 792; x_wconf 74' lang='lat' dir='ltr'><strong>mortalium</strong></span> <span class='ocrx_word' id='word_1_10' title='bbox 649 753 746 806; x_wconf 80' lang='lat' dir='ltr'>emor,</span> <span class='ocrx_word' id='word_1_11' title='bbox 772 730 915 793; x_wconf 89' lang='lat' dir='ltr'>sermoui’</span> <span class='ocrx_word' id='word_1_12' title='bbox 935 735 1086 794; x_wconf 79' lang='lat' dir='ltr'>minister:</span> 
     </span>
     <span class='ocr_line' id='line_1_4' title="bbox 256 819 1171 894; baseline 0 -16"><span class='ocrx_word' id='word_1_13' title='bbox 256 819 355 893; x_wconf 80' lang='lat' dir='ltr'>Quem</span> <span class='ocrx_word' id='word_1_14' title='bbox 367 819 463 891; x_wconf 83' lang='lat' dir='ltr'>fraus,</span> <span class='ocrx_word' id='word_1_15' title='bbox 475 837 564 894; x_wconf 86' lang='lat' dir='ltr'>quem</span> <span class='ocrx_word' id='word_1_16' title='bbox 575 821 739 877; x_wconf 75' lang='lat' dir='ltr'>certamine</span> <span class='ocrx_word' id='word_1_17' title='bbox 749 819 883 886; x_wconf 74' lang='lat' dir='ltr'>adulant,</span> <span class='ocrx_word' id='word_1_18' title='bbox 895 819 1016 878; x_wconf 80' lang='lat' dir='ltr'>almiier</span> <span class='ocrx_word' id='word_1_19' title='bbox 1028 820 1171 879; x_wconf 84' lang='lat' dir='ltr'>omnium.</span> 
     </span>
     <span class='ocr_line' id='line_1_5' title="bbox 255 903 970 981; baseline -0.003 -18"><span class='ocrx_word' id='word_1_20' title='bbox 255 906 411 980; x_wconf 88' lang='lat' dir='ltr'>Interpres</span> <span class='ocrx_word' id='word_1_21' title='bbox 434 904 536 962; x_wconf 78' lang='lat' dir='ltr'>variae</span> <span class='ocrx_word' id='word_1_22' title='bbox 556 904 682 981; x_wconf 79' lang='lat' dir='ltr'>linguei,</span> <span class='ocrx_word' id='word_1_23' title='bbox 702 903 846 962; x_wconf 84' lang='lat' dir='ltr'>Nundine</span> <span class='ocrx_word' id='word_1_24' title='bbox 866 904 970 975; x_wconf 86' lang='lat' dir='ltr'>Liber,</span> 
     </span>
     <span class='ocr_line' id='line_1_6' title="bbox 257 989 1021 1068; baseline -0.007 -18"><span class='ocrx_word' id='word_1_25' title='bbox 257 989 465 1068; x_wconf 80' lang='lat' dir='ltr'>Sanguineum</span> <span class='ocrx_word' id='word_1_26' title='bbox 486 996 611 1066; x_wconf 81' lang='lat' dir='ltr'>gestans</span> <span class='ocrx_word' id='word_1_27' title='bbox 635 989 799 1047; x_wconf 82' lang='lat' dir='ltr'><strong>caduceum</strong></span> <span class='ocrx_word' id='word_1_28' title='bbox 820 989 904 1065; x_wconf 86' lang='lat' dir='ltr'>peeis</span> <span class='ocrx_word' id='word_1_29' title='bbox 926 989 1021 1046; x_wconf 80' lang='lat' dir='ltr'>emiee</span> 
     </span>
    </p>
   </div>
   <div class='ocr_carea' id='block_1_3' title="bbox 254 1072 942 1153">
    <p class='ocr_par' dir='ltr' id='par_1_3' title="bbox 254 1072 942 1153">
     <span class='ocr_line' id='line_1_7' title="bbox 254 1072 942 1153; baseline -0.007 -18"><span class='ocrx_word' id='word_1_30' title='bbox 254 1075 360 1153; x_wconf 73' lang='lat' dir='ltr'>Frugi,</span> <span class='ocrx_word' id='word_1_31' title='bbox 383 1072 557 1148; x_wconf 72' lang='lat' dir='ltr'>Commota,</span> <span class='ocrx_word' id='word_1_32' title='bbox 579 1074 732 1147; x_wconf 78' lang='lat' dir='ltr'>Iocuteie,</span> <span class='ocrx_word' id='word_1_33' title='bbox 754 1075 823 1146; x_wconf 81' lang='lat' dir='ltr'>Aie,</span> <span class='ocrx_word' id='word_1_34' title='bbox 842 1074 942 1145; x_wconf 78' lang='lat' dir='ltr'>beate,</span> 
     </span>
    </p>
   </div>
   <div class='ocr_carea' id='block_1_4' title="bbox 256 1158 1148 1491">
    <p class='ocr_par' dir='ltr' id='par_1_4' title="bbox 256 1158 1148 1399">
     <span class='ocr_line' id='line_1_8' title="bbox 256 1158 1148 1236; baseline -0.004 -17"><span class='ocrx_word' id='word_1_35' title='bbox 256 1163 358 1236; x_wconf 77' lang='lat' dir='ltr'>Atque</span> <span class='ocrx_word' id='word_1_36' title='bbox 380 1179 500 1235; x_wconf 86' lang='lat' dir='ltr'>operum</span> <span class='ocrx_word' id='word_1_37' title='bbox 523 1159 637 1231; x_wconf 64' lang='lat' dir='ltr'>Titum,</span> <span class='ocrx_word' id='word_1_38' title='bbox 662 1169 691 1217; x_wconf 90' lang='lat' dir='ltr'>et</span> <span class='ocrx_word' id='word_1_39' title='bbox 714 1158 824 1216; x_wconf 83' lang='lat' dir='ltr'>Titane</span> <span class='ocrx_word' id='word_1_40' title='bbox 847 1159 1017 1217; x_wconf 86' lang='lat' dir='ltr'>necessibu&#39;</span> <span class='ocrx_word' id='word_1_41' title='bbox 1036 1159 1148 1218; x_wconf 77' lang='lat' dir='ltr'>rebusz</span> 
     </span>
     <span class='ocr_line' id='line_1_9' title="bbox 256 1243 1046 1320; baseline -0.004 -17"><span class='ocrx_word' id='word_1_42' title='bbox 256 1246 297 1304; x_wconf 84' lang='lat' dir='ltr'>Et</span> <span class='ocrx_word' id='word_1_43' title='bbox 317 1244 487 1302; x_wconf 73' lang='lat' dir='ltr'>mortalibu&#39;</span> <span class='ocrx_word' id='word_1_44' title='bbox 506 1243 690 1320; x_wconf 82' lang='lat' dir='ltr'>praesidium</span> <span class='ocrx_word' id='word_1_45' title='bbox 712 1243 885 1301; x_wconf 82' lang='lat' dir='ltr'>venerabile</span> <span class='ocrx_word' id='word_1_46' title='bbox 908 1243 1046 1320; x_wconf 77' lang='lat' dir='ltr'>linguae3</span> 
     </span>
     <span class='ocr_line' id='line_1_10' title="bbox 257 1328 1012 1399; baseline -0.004 -10"><span class='ocrx_word' id='word_1_47' title='bbox 257 1330 352 1390; x_wconf 80' lang='lat' dir='ltr'>Adsis</span> <span class='ocrx_word' id='word_1_48' title='bbox 374 1329 473 1388; x_wconf 86' lang='lat' dir='ltr'>oranti</span> <span class='ocrx_word' id='word_1_49' title='bbox 495 1329 577 1386; x_wconf 75' lang='lat' dir='ltr'>vitae</span> <span class='ocrx_word' id='word_1_50' title='bbox 599 1328 714 1386; x_wconf 82' lang='lat' dir='ltr'>addens</span> <span class='ocrx_word' id='word_1_51' title='bbox 735 1329 851 1386; x_wconf 88' lang='lat' dir='ltr'>exitum</span> <span class='ocrx_word' id='word_1_52' title='bbox 871 1329 1012 1399; x_wconf 81' lang='lat' dir='ltr'>amicum,</span> 
     </span>
    </p>

    <p class='ocr_par' dir='ltr' id='par_1_5' title="bbox 258 1409 1101 1491">
     <span class='ocr_line' id='line_1_11' title="bbox 258 1409 1101 1491; baseline -0.004 -17"><span class='ocrx_word' id='word_1_53' title='bbox 258 1414 349 1474; x_wconf 81' lang='lat' dir='ltr'>Cultu</span> <span class='ocrx_word' id='word_1_54' title='bbox 368 1433 503 1491; x_wconf 85' lang='lat' dir='ltr'>operum,</span> <span class='ocrx_word' id='word_1_55' title='bbox 526 1415 654 1473; x_wconf 89' lang='lat' dir='ltr'>memori</span> <span class='ocrx_word' id='word_1_56' title='bbox 675 1414 779 1486; x_wconf 86' lang='lat' dir='ltr'>menti,</span> <span class='ocrx_word' id='word_1_57' title='bbox 800 1409 984 1471; x_wconf 87' lang='lat' dir='ltr'>sermonibu’</span> <span class='ocrx_word' id='word_1_58' title='bbox 1004 1413 1101 1471; x_wconf 83' lang='lat' dir='ltr'>lectis.</span> 
     </span>
    </p>
   </div>
   <div class='ocr_carea' id='block_1_5' title="bbox 185 1581 1237 3362">
    <p class='ocr_par' dir='ltr' id='par_1_6' title="bbox 185 1581 1237 3362">
     <span class='ocr_line' id='line_1_12' title="bbox 469 1581 1173 1660; baseline 0.006 -20"><span class='ocrx_word' id='word_1_59' title='bbox 469 1581 591 1641; x_wconf 79' lang='lat' dir='ltr'>Carmen</span> <span class='ocrx_word' id='word_1_60' title='bbox 610 1583 736 1641; x_wconf 77' lang='lat' dir='ltr'>Liberae</span> <span class='ocrx_word' id='word_1_61' title='bbox 757 1584 960 1660; x_wconf 69' lang='lat' dir='ltr'>Proserpinae·</span> <span class='ocrx_word' id='word_1_62' title='bbox 1132 1584 1173 1644; x_wconf 85' lang='lat'>28</span> 
     </span>
     <span class='ocr_line' id='line_1_13' title="bbox 257 1667 1058 1745; baseline 0.002 -20"><span class='ocrx_word' id='word_1_63' title='bbox 257 1667 372 1726; x_wconf 83' lang='lat' dir='ltr'>Libere</span> <span class='ocrx_word' id='word_1_64' title='bbox 391 1668 575 1745; x_wconf 87' lang='lat' dir='ltr'>magnanimi</span> <span class='ocrx_word' id='word_1_65' title='bbox 595 1669 678 1727; x_wconf 85' lang='lat' dir='ltr'>lovis</span> <span class='ocrx_word' id='word_1_66' title='bbox 700 1668 787 1727; x_wconf 83' lang='lat' dir='ltr'>adsis</span> <span class='ocrx_word' id='word_1_67' title='bbox 809 1669 924 1726; x_wconf 80' lang='lat' dir='ltr'>inclute</span> <span class='ocrx_word' id='word_1_68' title='bbox 944 1667 1058 1743; x_wconf 86' lang='lat' dir='ltr'>proles,</span> 
     </span>
     <span class='ocr_line' id='line_1_14' title="bbox 257 1753 1045 1830; baseline 0 -18"><span class='ocrx_word' id='word_1_69' title='bbox 257 1753 400 1830; x_wconf 83' lang='lat' dir='ltr'>Unigene</span> <span class='ocrx_word' id='word_1_70' title='bbox 417 1753 572 1830; x_wconf 84' lang='lat' dir='ltr'>princeps,</span> <span class='ocrx_word' id='word_1_71' title='bbox 600 1760 664 1812; x_wconf 84' lang='lat' dir='ltr'>esto</span> <span class='ocrx_word' id='word_1_72' title='bbox 687 1754 746 1812; x_wconf 89' lang='lat' dir='ltr'>hoe</span> <span class='ocrx_word' id='word_1_73' title='bbox 765 1754 910 1811; x_wconf 78' lang='lat' dir='ltr'>libamine</span> <span class='ocrx_word' id='word_1_74' title='bbox 928 1761 1045 1812; x_wconf 80' lang='lat' dir='ltr'>meete:</span> 
     </span>
     <span class='ocr_line' id='line_1_15' title="bbox 259 1836 1030 1915; baseline -0.004 -18"><span class='ocrx_word' id='word_1_75' title='bbox 259 1837 378 1897; x_wconf 84' lang='lat' dir='ltr'>Coniux</span> <span class='ocrx_word' id='word_1_76' title='bbox 393 1836 483 1898; x_wconf 81' lang='lat' dir='ltr'>Ditis</span> <span class='ocrx_word' id='word_1_77' title='bbox 506 1839 635 1911; x_wconf 83' lang='lat' dir='ltr'>honora,</span> <span class='ocrx_word' id='word_1_78' title='bbox 659 1839 729 1896; x_wconf 89' lang='lat' dir='ltr'>boni</span> <span class='ocrx_word' id='word_1_79' title='bbox 748 1839 923 1915; x_wconf 80' lang='lat' dir='ltr'>largissima</span> <span class='ocrx_word' id='word_1_80' title='bbox 943 1837 1030 1896; x_wconf 85' lang='lat' dir='ltr'>vieti:</span> 
     </span>
     <span class='ocr_line' id='line_1_16' title="bbox 258 1921 1070 1998; baseline -0.001 -18"><span class='ocrx_word' id='word_1_81' title='bbox 258 1921 343 1996; x_wconf 79' lang='lat' dir='ltr'>Quae</span> <span class='ocrx_word' id='word_1_82' title='bbox 366 1924 422 1982; x_wconf 87' lang='lat' dir='ltr'>sub</span> <span class='ocrx_word' id='word_1_83' title='bbox 443 1923 610 1982; x_wconf 86' lang='lat' dir='ltr'>visceribus</span> <span class='ocrx_word' id='word_1_84' title='bbox 632 1931 728 1998; x_wconf 79' lang='lat' dir='ltr'>terroe</span> <span class='ocrx_word' id='word_1_85' title='bbox 751 1923 918 1981; x_wconf 83' lang='lat' dir='ltr'>dominaris</span> <span class='ocrx_word' id='word_1_86' title='bbox 939 1925 1070 1995; x_wconf 85' lang='lat' dir='ltr'>Averno,</span> 
     </span>
     <span class='ocr_line' id='line_1_17' title="bbox 257 2008 1137 2084; baseline -0.001 -18"><span class='ocrx_word' id='word_1_87' title='bbox 257 2009 379 2080; x_wconf 75' lang='lat' dir='ltr'>Parios,</span> <span class='ocrx_word' id='word_1_88' title='bbox 406 2016 434 2065; x_wconf 90' lang='lat' dir='ltr'>et</span> <span class='ocrx_word' id='word_1_89' title='bbox 457 2009 606 2081; x_wconf 77' lang='lat' dir='ltr'>cinciana,</span> <span class='ocrx_word' id='word_1_90' title='bbox 628 2008 772 2082; x_wconf 87' lang='lat' dir='ltr'>Iovisque</span> <span class='ocrx_word' id='word_1_91' title='bbox 795 2008 916 2084; x_wconf 85' lang='lat' dir='ltr'>insigne</span> <span class='ocrx_word' id='word_1_92' title='bbox 939 2026 1137 2084; x_wconf 84' lang='lat' dir='ltr'>propagmen,</span> 
     </span>
     <span class='ocr_line' id='line_1_18' title="bbox 258 2089 1019 2170; baseline -0.005 -18"><span class='ocrx_word' id='word_1_93' title='bbox 258 2095 420 2152; x_wconf 82' lang='lat' dir='ltr'>Menerum</span> <span class='ocrx_word' id='word_1_94' title='bbox 444 2093 586 2170; x_wconf 78' lang='lat' dir='ltr'>genitrix,</span> <span class='ocrx_word' id='word_1_95' title='bbox 608 2094 692 2153; x_wconf 85' lang='lat' dir='ltr'>Iovis</span> <span class='ocrx_word' id='word_1_96' title='bbox 714 2089 866 2150; x_wconf 82' lang='lat' dir='ltr'>inferneti’</span> <span class='ocrx_word' id='word_1_97' title='bbox 890 2092 1019 2149; x_wconf 85' lang='lat' dir='ltr'>tribuno.</span> 
     </span>
     <span class='ocr_line' id='line_1_19' title="bbox 258 2174 1099 2253; baseline -0.004 -17"><span class='ocrx_word' id='word_1_98' title='bbox 258 2178 356 2252; x_wconf 80' lang='lat' dir='ltr'>Quem</span> <span class='ocrx_word' id='word_1_99' title='bbox 379 2196 485 2253; x_wconf 79' lang='lat' dir='ltr'>pnsum</span> <span class='ocrx_word' id='word_1_100' title='bbox 506 2197 617 2236; x_wconf 80' lang='lat' dir='ltr'>arcano</span> <span class='ocrx_word' id='word_1_101' title='bbox 638 2174 715 2236; x_wconf 88' lang='lat' dir='ltr'>Iovi&#39;</span> <span class='ocrx_word' id='word_1_102' title='bbox 741 2179 857 2238; x_wconf 87' lang='lat' dir='ltr'>semine</span> <span class='ocrx_word' id='word_1_103' title='bbox 877 2177 1099 2253; x_wconf 72' lang='lat' dir='ltr'>progeneravit.</span> 
     </span>
     <span class='ocr_line' id='line_1_20' title="bbox 260 2260 1000 2340; baseline -0.005 -17"><span class='ocrx_word' id='word_1_104' title='bbox 260 2266 360 2323; x_wconf 80' lang='lat' dir='ltr'>Meter</span> <span class='ocrx_word' id='word_1_105' title='bbox 382 2263 553 2340; x_wconf 85' lang='lat' dir='ltr'>multiorepi</span> <span class='ocrx_word' id='word_1_106' title='bbox 575 2263 717 2322; x_wconf 88' lang='lat' dir='ltr'>Volturni</span> <span class='ocrx_word' id='word_1_107' title='bbox 738 2263 874 2321; x_wconf 80' lang='lat' dir='ltr'>maxime</span> <span class='ocrx_word' id='word_1_108' title='bbox 894 2260 1000 2334; x_wconf 82' lang='lat' dir='ltr'>Consi,</span> 
     </span>
     <span class='ocr_line' id='line_1_21' title="bbox 257 2346 1034 2425; baseline -0.006 -17"><span class='ocrx_word' id='word_1_109' title='bbox 257 2348 376 2408; x_wconf 79' lang='lat' dir='ltr'>Lucina</span> <span class='ocrx_word' id='word_1_110' title='bbox 397 2349 549 2425; x_wconf 81' lang='lat' dir='ltr'>speciosa,</span> <span class='ocrx_word' id='word_1_111' title='bbox 572 2357 603 2406; x_wconf 88' lang='lat' dir='ltr'>et</span> <span class='ocrx_word' id='word_1_112' title='bbox 618 2367 775 2425; x_wconf 78' lang='lat' dir='ltr'>percoque</span> <span class='ocrx_word' id='word_1_113' title='bbox 795 2346 1034 2424; x_wconf 85' lang='lat' dir='ltr'>Temperierum,</span> 
     </span>
     <span class='ocr_line' id='line_1_22' title="bbox 259 2429 1028 2511; baseline -0.007 -16"><span class='ocrx_word' id='word_1_114' title='bbox 259 2433 356 2506; x_wconf 83' lang='lat' dir='ltr'>Seria,</span> <span class='ocrx_word' id='word_1_115' title='bbox 377 2435 534 2511; x_wconf 79' lang='lat' dir='ltr'>regnatrix</span> <span class='ocrx_word' id='word_1_116' title='bbox 555 2434 708 2505; x_wconf 76' lang='lat' dir='ltr'>Larunda,</span> <span class='ocrx_word' id='word_1_117' title='bbox 728 2429 858 2511; x_wconf 86' lang='lat' dir='ltr'>frugibu&#39;</span> <span class='ocrx_word' id='word_1_118' title='bbox 883 2432 1028 2509; x_wconf 85' lang='lat' dir='ltr'>gliscens,</span> 
     </span>
     <span class='ocr_line' id='line_1_23' title="bbox 259 2515 1020 2596; baseline -0.007 -18"><span class='ocrx_word' id='word_1_119' title='bbox 259 2519 416 2596; x_wconf 80' lang='lat' dir='ltr'>Corniger,</span> <span class='ocrx_word' id='word_1_120' title='bbox 437 2519 577 2593; x_wconf 78' lang='lat' dir='ltr'>illustris,</span> <span class='ocrx_word' id='word_1_121' title='bbox 600 2515 772 2578; x_wconf 74' lang='lat' dir='ltr'>mortalibu’</span> <span class='ocrx_word' id='word_1_122' title='bbox 795 2525 882 2595; x_wconf 83' lang='lat' dir='ltr'>grata</span> <span class='ocrx_word' id='word_1_123' title='bbox 902 2516 1020 2593; x_wconf 81' lang='lat' dir='ltr'>virago,</span> 
     </span>
     <span class='ocr_line' id='line_1_24' title="bbox 257 2601 1099 2680; baseline -0.007 -16"><span class='ocrx_word' id='word_1_124' title='bbox 257 2605 361 2673; x_wconf 84' lang='lat' dir='ltr'>Flore,</span> <span class='ocrx_word' id='word_1_125' title='bbox 384 2605 557 2680; x_wconf 76' lang='lat' dir='ltr'>gramineae</span> <span class='ocrx_word' id='word_1_126' title='bbox 583 2624 671 2680; x_wconf 82' lang='lat' dir='ltr'><strong>quam</strong></span> <span class='ocrx_word' id='word_1_127' title='bbox 696 2603 826 2662; x_wconf 81' lang='lat' dir='ltr'>oblectet</span> <span class='ocrx_word' id='word_1_128' title='bbox 851 2601 975 2678; x_wconf 90' lang='lat' dir='ltr'>spiritus</span> <span class='ocrx_word' id='word_1_129' title='bbox 999 2618 1099 2672; x_wconf 83' lang='lat' dir='ltr'>auree,</span> 
     </span>
     <span class='ocr_line' id='line_1_25' title="bbox 185 2682 1126 2764; baseline -0.005 -14"><span class='ocrx_word' id='word_1_130' title='bbox 185 2715 190 2730; x_wconf 58' lang='lat'>⁸</span> <span class='ocrx_word' id='word_1_131' title='bbox 259 2683 372 2764; x_wconf 84' lang='lat' dir='ltr'>Corpu&#39;</span> <span class='ocrx_word' id='word_1_132' title='bbox 394 2697 476 2746; x_wconf 90' lang='lat' dir='ltr'>tuum</span> <span class='ocrx_word' id='word_1_133' title='bbox 497 2690 652 2748; x_wconf 78' lang='lat' dir='ltr'>oblectans</span> <span class='ocrx_word' id='word_1_134' title='bbox 675 2689 788 2746; x_wconf 86' lang='lat' dir='ltr'>Terrae</span> <span class='ocrx_word' id='word_1_135' title='bbox 810 2682 1002 2744; x_wconf 81' lang='lat' dir='ltr'>viriduirtibu&#39;</span> <span class='ocrx_word' id='word_1_136' title='bbox 1022 2686 1126 2759; x_wconf 81' lang='lat' dir='ltr'>foetis,</span> 
     </span>
     <span class='ocr_line' id='line_1_26' title="bbox 257 2769 1153 2852; baseline -0.004 -18"><span class='ocrx_word' id='word_1_137' title='bbox 257 2775 437 2834; x_wconf 82' lang='lat' dir='ltr'>Nummeria</span> <span class='ocrx_word' id='word_1_138' title='bbox 456 2783 486 2832; x_wconf 89' lang='lat' dir='ltr'>et</span> <span class='ocrx_word' id='word_1_139' title='bbox 507 2775 599 2848; x_wconf 81' lang='lat' dir='ltr'>foeta,</span> <span class='ocrx_word' id='word_1_140' title='bbox 620 2769 765 2852; x_wconf 84' lang='lat' dir='ltr'>Autumni</span> <span class='ocrx_word' id='word_1_141' title='bbox 788 2775 845 2831; x_wconf 88' lang='lat' dir='ltr'>sub</span> <span class='ocrx_word' id='word_1_142' title='bbox 866 2781 1000 2847; x_wconf 88' lang='lat' dir='ltr'>tempore</span> <span class='ocrx_word' id='word_1_143' title='bbox 1022 2772 1153 2843; x_wconf 85' lang='lat' dir='ltr'>nubens,</span> 
     </span>
     <span class='ocr_line' id='line_1_27' title="bbox 259 2857 1142 2935; baseline -0.008 -17"><span class='ocrx_word' id='word_1_144' title='bbox 259 2859 342 2928; x_wconf 81' lang='lat' dir='ltr'>Vita,</span> <span class='ocrx_word' id='word_1_145' title='bbox 363 2859 468 2918; x_wconf 88' lang='lat' dir='ltr'>itidem</span> <span class='ocrx_word' id='word_1_146' title='bbox 486 2879 574 2919; x_wconf 67' lang='lat' dir='ltr'>‘mors</span> <span class='ocrx_word' id='word_1_147' title='bbox 599 2859 666 2918; x_wconf 85' lang='lat' dir='ltr'>sole</span> <span class='ocrx_word' id='word_1_148' title='bbox 686 2860 791 2918; x_wconf 84' lang='lat' dir='ltr'>eedem</span> <span class='ocrx_word' id='word_1_149' title='bbox 814 2857 990 2916; x_wconf 81' lang='lat' dir='ltr'>mortalibus</span> <span class='ocrx_word' id='word_1_150' title='bbox 1012 2858 1142 2935; x_wconf 80' lang='lat' dir='ltr'>aegris‚.</span> 
     </span>
     <span class='ocr_line' id='line_1_28' title="bbox 258 2942 1101 3017; baseline -0.005 -13"><span class='ocrx_word' id='word_1_151' title='bbox 258 2944 433 3016; x_wconf 83' lang='lat' dir='ltr'>Fordicide‚</span> <span class='ocrx_word' id='word_1_152' title='bbox 457 2946 568 3003; x_wconf 87' lang='lat' dir='ltr'>etenim</span> <span class='ocrx_word' id='word_1_153' title='bbox 593 2945 655 3006; x_wconf 86' lang='lat' dir='ltr'>fers</span> <span class='ocrx_word' id='word_1_154' title='bbox 677 2945 789 3017; x_wconf 84' lang='lat' dir='ltr'>omniu,</span> <span class='ocrx_word' id='word_1_155' title='bbox 814 2951 845 3001; x_wconf 92' lang='lat' dir='ltr'>et</span> <span class='ocrx_word' id='word_1_156' title='bbox 866 2942 968 3002; x_wconf 86' lang='lat' dir='ltr'>omniu</span> <span class='ocrx_word' id='word_1_157' title='bbox 990 2942 1101 3000; x_wconf 80' lang='lat' dir='ltr'>coedis.</span> 
     </span>
     <span class='ocr_line' id='line_1_29' title="bbox 258 3026 1035 3107; baseline -0.006 -19"><span class='ocrx_word' id='word_1_158' title='bbox 258 3029 329 3088; x_wconf 86' lang='lat' dir='ltr'>Huc</span> <span class='ocrx_word' id='word_1_159' title='bbox 349 3031 422 3088; x_wconf 86' lang='lat' dir='ltr'>here</span> <span class='ocrx_word' id='word_1_160' title='bbox 447 3031 502 3102; x_wconf 86' lang='lat' dir='ltr'>sis,</span> <span class='ocrx_word' id='word_1_161' title='bbox 524 3031 627 3107; x_wconf 85' lang='lat' dir='ltr'>fruges</span> <span class='ocrx_word' id='word_1_162' title='bbox 648 3048 665 3086; x_wconf 90' lang='lat' dir='ltr'>e</span> <span class='ocrx_word' id='word_1_163' title='bbox 687 3038 769 3086; x_wconf 84' lang='lat' dir='ltr'>terre</span> <span class='ocrx_word' id='word_1_164' title='bbox 787 3028 924 3085; x_wconf 86' lang='lat' dir='ltr'>funditus</span> <span class='ocrx_word' id='word_1_165' title='bbox 947 3026 1035 3084; x_wconf 84' lang='lat' dir='ltr'>educ:</span> 
     </span>
     <span class='ocr_line' id='line_1_30' title="bbox 258 3112 944 3192; baseline -0.009 -18"><span class='ocrx_word' id='word_1_166' title='bbox 258 3114 379 3174; x_wconf 78' lang='lat' dir='ltr'>Blanda</span> <span class='ocrx_word' id='word_1_167' title='bbox 399 3134 474 3191; x_wconf 85' lang='lat' dir='ltr'>pace</span> <span class='ocrx_word' id='word_1_168' title='bbox 496 3116 614 3192; x_wconf 84' lang='lat' dir='ltr'>vigens,</span> <span class='ocrx_word' id='word_1_169' title='bbox 636 3115 813 3188; x_wconf 73' lang='lat' dir='ltr'>illibataque</span> <span class='ocrx_word' id='word_1_170' title='bbox 836 3112 944 3182; x_wconf 80' lang='lat' dir='ltr'>salute,</span> 
     </span>
     <span class='ocr_line' id='line_1_31' title="bbox 257 3197 1237 3276; baseline -0.002 -18"><span class='ocrx_word' id='word_1_171' title='bbox 257 3201 299 3258; x_wconf 82' lang='lat' dir='ltr'>Et</span> <span class='ocrx_word' id='word_1_172' title='bbox 321 3200 380 3258; x_wconf 79' lang='lat' dir='ltr'>vite</span> <span class='ocrx_word' id='word_1_173' title='bbox 405 3200 504 3258; x_wconf 80' lang='lat' dir='ltr'>fausta</span> <span class='ocrx_word' id='word_1_174' title='bbox 523 3201 625 3258; x_wconf 87' lang='lat' dir='ltr'>mitem</span> <span class='ocrx_word' id='word_1_175' title='bbox 645 3199 766 3276; x_wconf 82' lang='lat' dir='ltr'>legente</span> <span class='ocrx_word' id='word_1_176' title='bbox 789 3197 926 3269; x_wconf 79' lang='lat' dir='ltr'>sulutem,</span> <span class='ocrx_word' id='word_1_177' title='bbox 1227 3241 1237 3256; x_wconf 85' lang='lat'><strong>.</strong></span> 
     </span>
     <span class='ocr_line' id='line_1_32' title="bbox 260 3278 1141 3362; baseline -0.008 -19"><span class='ocrx_word' id='word_1_178' title='bbox 260 3284 308 3343; x_wconf 83' lang='lat' dir='ltr'>Ad</span> <span class='ocrx_word' id='word_1_179' title='bbox 332 3292 383 3343; x_wconf 87' lang='lat' dir='ltr'>tua</span> <span class='ocrx_word' id='word_1_180' title='bbox 401 3285 515 3362; x_wconf 83' lang='lat' dir='ltr'>templo</span> <span class='ocrx_word' id='word_1_181' title='bbox 536 3285 614 3358; x_wconf 83' lang='lat' dir='ltr'>Deo,</span> <span class='ocrx_word' id='word_1_182' title='bbox 636 3292 666 3342; x_wconf 86' lang='lat' dir='ltr'>et</span> <span class='ocrx_word' id='word_1_183' title='bbox 687 3284 769 3360; x_wconf 89' lang='lat' dir='ltr'>potis</span> <span class='ocrx_word' id='word_1_184' title='bbox 792 3282 930 3340; x_wconf 83' lang='lat' dir='ltr'>induieru</span> <span class='ocrx_word' id='word_1_185' title='bbox 951 3280 1027 3338; x_wconf 80' lang='lat' dir='ltr'>utria</span> <span class='ocrx_word' id='word_1_186' title='bbox 1048 3278 1141 3337; x_wconf 88' lang='lat' dir='ltr'>Ditis.</span> 
     </span>
    </p>
   </div>
   <div class='ocr_carea' id='block_1_6' title="bbox 259 3445 1176 3789">
    <p class='ocr_par' dir='ltr' id='par_1_7' title="bbox 259 3445 1176 3789">
     <span class='ocr_line' id='line_1_33' title="bbox 528 3445 1175 3526; baseline -0.014 -13"><span class='ocrx_word' id='word_1_187' title='bbox 528 3454 630 3513; x_wconf 75' lang='lat' dir='ltr'>Liberi</span> <span class='ocrx_word' id='word_1_188' title='bbox 649 3455 757 3526; x_wconf 74' lang='lat' dir='ltr'>Patris,</span> <span class='ocrx_word' id='word_1_189' title='bbox 781 3463 907 3511; x_wconf 77' lang='lat' dir='ltr'>sturaea.</span> <span class='ocrx_word' id='word_1_190' title='bbox 1133 3445 1175 3505; x_wconf 82' lang='lat'>29</span> 
     </span>
     <span class='ocr_line' id='line_1_34' title="bbox 260 3534 1134 3617; baseline -0.01 -18"><span class='ocrx_word' id='word_1_191' title='bbox 260 3539 408 3599; x_wconf 87' lang='lat' dir='ltr'>Liberum</span> <span class='ocrx_word' id='word_1_192' title='bbox 431 3558 487 3617; x_wconf 86' lang='lat' dir='ltr'>ego</span> <span class='ocrx_word' id='word_1_193' title='bbox 508 3559 644 3612; x_wconf 87' lang='lat' dir='ltr'>veneror,</span> <span class='ocrx_word' id='word_1_194' title='bbox 663 3538 939 3616; x_wconf 84' lang='lat' dir='ltr'>ereperiereperum</span> <span class='ocrx_word' id='word_1_195' title='bbox 959 3534 1134 3606; x_wconf 69' lang='lat' dir='ltr'>intuentem,</span> 
     </span>
     <span class='ocr_line' id='line_1_35' title="bbox 259 3623 1162 3702; baseline -0.01 -19"><span class='ocrx_word' id='word_1_196' title='bbox 259 3624 478 3702; x_wconf 83' lang='lat' dir='ltr'>Primigenem‚</span> <span class='ocrx_word' id='word_1_197' title='bbox 498 3626 661 3702; x_wconf 86' lang='lat' dir='ltr'>geminum,</span> <span class='ocrx_word' id='word_1_198' title='bbox 682 3623 867 3695; x_wconf 83' lang='lat' dir='ltr'>Brumelem,</span> <span class='ocrx_word' id='word_1_199' title='bbox 887 3630 992 3695; x_wconf 85' lang='lat' dir='ltr'>terque</span> <span class='ocrx_word' id='word_1_200' title='bbox 1012 3624 1162 3689; x_wconf 72' lang='lat' dir='ltr'>renatum,</span> 
     </span>
     <span class='ocr_line' id='line_1_36' title="bbox 262 3703 1176 3789; baseline -0.01 -19"><span class='ocrx_word' id='word_1_201' title='bbox 262 3708 979 3789; x_wconf 69' lang='lat' dir='ltr'>cornigerumegrestem,obscurum‚areanum‚</span> <span class='ocrx_word' id='word_1_202' title='bbox 986 3703 1176 3775; x_wconf 80' lang='lat' dir='ltr'>deiformem,</span> 
     </span>
    </p>
   </div>
   <div class='ocr_carea' id='block_1_7' title="bbox 911 3802 952 3864">
    <p class='ocr_par' dir='ltr' id='par_1_8' title="bbox 911 3802 952 3864">
     <span class='ocr_line' id='line_1_37' title="bbox 911 3802 952 3864; baseline 0.049 -2"><span class='ocrx_word' id='word_1_203' title='bbox 911 3802 952 3864; x_wconf 82' lang='lat'>25</span> 
     </span>
    </p>
   </div>
   <div class='ocr_carea' id='block_1_8' title="bbox 0 0 1541 4492">
    <p class='ocr_par' dir='ltr' id='par_1_9' title="bbox 0 0 1541 4492">
     <span class='ocr_line' id='line_1_38' title="bbox 0 0 1541 4492; baseline 0 0"><span class='ocrx_word' id='word_1_204' title='bbox 0 0 1541 4492; x_wconf 95' lang='lat' dir='ltr'> </span> 
     </span>
    </p>
   </div>
  </div>
 </body>
</html>
