3059 4492
698 507 850 602 Q—

316 671 415 740 Ξυνδς
433 667 605 740 Ἐνυάλιος.
626 669 705 758 Νίκη
728 672 759 737 δ’
782 673 983 757 ἐπαμειβεται
999 671 1123 756 ἄνδρας.

309 754 449 840 Ὄμματ’
462 753 529 840 ἔχει
548 759 688 840 κεφαλῆς
709 757 827 821 όπιθεν.
849 755 944 820 Μάλα
957 779 995 838 με
1006 757 1092 840 Ευρεῖ
1106 757 1137 820 ἐν
1148 764 1230 844 χρῶ.

311 839 350 906 Ὀ
372 841 462 924 ξυρδς
483 841 527 908 εἰς
552 839 674 925 ἀκόνην.
692 842 816 925 Ἀγαθὴ
837 843 889 904 καὶ
909 842 991 924 μάζα
1016 842 1084 924 μετ’
1105 841 1208 926 ἀρτον.

311 923 352 991 ‘0
370 927 503 992 πλοῦτος
514 921 661 1010 Κινύρου.
685 925 767 991 Ἀπὸ
791 925 914 1010 πύργων
937 926 1045 1009 κρίνετ’
1067 924 1230 1011 Ἀχαίους.

311 1007 349 1074 ‘O
369 1011 510 1091 πρωκτὸς
528 1009 659 1094 λούτρου
680 1011 874 1096 περιγίνεται.
893 1005 1010 1079 Ὕπνος
1029 1010 1164 1074 ἀπέστω.

310 1092 349 1159 Ὁ
375 1095 461 1178 σκνίψ
483 1094 535 1178 τὴν
558 1097 676 1178 χώραν.
700 1093 793 1164 Οἶκος
810 1097 861 1158 καὶ
881 1094 990 1162 παῖδες
1011 1095 1149 1179 ἀληθεῖς.

313 1175 350 1242 ‘O
375 1179 492 1262 ψάλτης
515 1179 640 1262 ἀπορῶν
663 1183 777 1329 βήττει.
801 1179 1002 1264 Σαρπηδόνος
1024 1181 1111 1263 ἀκτή.

316 1261 355 1328 Οἱ
373 1259 494 1325 Ῥόδιοι
517 1262 638 1326 θυσίαν.
692 1265 774 1332 ύδελς
798 1287 859 1326 σαπ
881 1265 923 1339 ὸς,
949 1263 1044 1347 μέγας
1065 1263 1164 1348 ἰχθύς.

316 1344 391 1411 Οἶδε
410 1349 444 1410 τὸ
463 1348 571 1409 λευκὸν
593 1351 697 1414 καὶτὸ
723 1349 830 1432 μέλαν.
853 1288 993 1417 Πλούτος
1013 1351 1187 1432 κεράμειος.

315 1429 446 1496 Οίκοθεν
469 1431 593 1502 εἰκάζω.
617 1429 679 1496 Καὶ
696 1435 752 1519 κόρ
777 1456 850 1517 ορος
872 1433 903 1495 ἐν
926 1435 1099 1518 λαχάνοισι.

316 1512 447 1579 Οίκοθεν
470 1514 583 1600 ἐχθρὸν
605 1514 723 1602 ἔχουσι.
747 1458 846 1601 Πάρις
869 1518 998 1600 βαιοῖσιν
1022 1518 1141 1601 ὀπηδεῖ.

316 1596 479 1684 Οἰνοχοεῖς
497 1600 709 1747 βιατράχοισιν.
728 1601 824 1685 Ὑπὲρ
847 1603 887 1664 σά
910 1603 1075 1685 σκάμματα
1097 1603 1208 1686 πηδᾷς.

316 1680 474 1747 Οἰόλυκοι.
527 1685 591 1756 εζοὶ
613 1687 697 1770 παρὰ
719 1687 833 1749 Λύδιον
855 1687 939 1771 ἅρμα
962 1686 1095 1754 θέοντες.

315 1764 440 1835 Οἰταῖος
460 1769 590 1850 δαίμων.
610 1771 692 1834 Ἀτιδ
717 1772 872 1857 βαλβίδος.
898 1767 944 1834 Ού
965 1770 1022 1855 γὰρ
1043 1770 1185 1834 ἄκανθαι.

315 1849 400 1936 Οίφᾷ
421 1855 527 1936 χωλός
549 1852 668 1937 ἄριστα.
691 1855 764 1918 Δύω
786 1857 910 1961 τοίγους
935 1855 989 1939 ἀμ’
1014 1856 1161 1940 ἀλείφεις.

314 1934 491 2001 Οἰωνίσαιτ’
513 1936 549 2000 ἀν
574 1961 618 2007 τις
639 1940 712 2002 ίδῶν
735 1963 780 2004 σε.
803 1939 922 2003 Μοθων
943 1941 1004 2002 ἀπδ
1026 1943 1142 2022 κώπης.

311 2018 511 2090 Ὀκτοίποδες
532 2020 686 2108 Μεγαρεῖς
706 2025 772 2088 οὔτ’
795 2025 827 2086 ἐν
850 2024 935 2110 λόγῳ
959 2023 1028 2086 οὔτ’
1043 2025 1075 2087 ἐν
1092 2024 1228 2111 ἀριθμῷ.

312 2102 497 2189 Ὀμφακίας.
520 2107 762 2194 Ἀβδηρολόγος.
790 2106 911 2177 Κότυος
932 2109 1097 2193 θιασώτης.

314 2187 359 2254 Οὐ
385 2191 413 2252 δ’
438 2189 522 2276 ίκταρ
546 2193 704 2277 βάλλουσι.
728 2191 821 2277 Μέγα
840 2193 938 2276 στόμα
959 2199 1014 2256 τοῦ
1038 2195 1190 2257 ἐνιαυτοῦ.

314 2271 359 2338 Οὐ
386 2275 468 2336 λῖνον
489 2275 563 2361 λίνιρ
583 2301 618 2384 γε
638 2279 807 2347 συνάπτεις.
828 2276 969 2426 Ἔμβαλε
987 2282 1109 2362 κυλλῇ.’

313 2355 360 2423 Ού
382 2381 438 2420 τοι.
463 2358 655 2446 Στησιχορου
680 2364 739 2446 τρί’
763 2363 868 2446 ἔγνως.
918 2363 966 2425 ύδ’
981 2363 1066 2432 ἐντδς
1082 2361 1205 2447 Ἰῶροω

313 2439 398 2508 Οὐδὲ
418 2447 470 2507 τδν
491 2443 639 2508 Αἴσωπον
665 2449 852 2530 πεπάτηκας.
879 2446 1001 2511 Σύκινοι
1021 2447 1139 2532 ἀνδρες.

313 2525 413 2592 Οὐδὲν
437 2529 514 2612 πρὸς
534 2529 692 2593 Διόνυσον.
710 2530 917 2616 Ὑπερμαζᾷν.
941 2530 1047 2616 Χορός
1069 2533 1181 2616 ἀργῶν.

313 2608 379 2675 Ούκ
401 2612 497 2695 ἀρετᾷ
516 2614 596 2676 κακά
617 2613 702 2698 ἔργα.
720 2613 830 2699 Κρεῶν
849 2616 1007 2684 δασύπους
1029 2616 1183 2699 ἐπιθυμεῖ.

313 2692 383 2758 Οὐκ
401 2694 507 2764 αύλεῖς
524 2702 654 2781 πατρῶα
678 2698 767 2782 μέλη.
794 2699 923 2782 Σιγῶσιν
943 2700 1109 2784 Ἀμύκλαι.

312 2776 357 2843 Ού
383 2780 393 2840 ὶ
416 2779 474 2862 γὰρ
498 2780 657 2862 ἀγγέλλεις
673 2782 821 2864 πόλεμον.
844 2783 912 2847 Μῶν
933 2785 998 2848 ἀντὶ
1017 2785 1150 2854 λεόντος.

311 2862 373 2926 Παι
394 2867 498 2948 οριλεῖ
520 2868 637 2948 μᾶλλον
659 2871 712 2950 τῆς
735 2866 758 2930 Γ
761 2871 881 2936 ελλοῦς.
905 2865 1020 2953 Χερσλν
1042 2871 1187 2940 ἀνίπτοις.

310 2946 435 3018 Παίζειν
459 2949 490 3011 ἐν
514 2949 688 3014 πενθοῦσιν.
706 2949 744 3016 ‘O
767 2954 875 3036 γείτων
895 2954 947 3016 τδν
966 2954 1050 3018 πόδα
1070 2959 1171 3017 κινῶν.

310 3031 439 3096 Πανικά.
460 3031 518 3118 Νῷ
538 3035 659 3098 πείθου.
682 3033 736 3105 Εἰς
756 3039 807 3101 τδν
826 3037 1010 3123 τετρημένον
1034 3041 1160 3107 ἀντλεῒς.

310 3115 417 3181 Πάντα
440 3120 530 3182 κακοὶ
552 3122 700 3204 τολμῶσι.
723 3119 819 3207 Μάχη
841 3123 891 3185 ἐπὶ
915 3124 1016 3207 μήδεα
1039 3125 1142 3208 κείρει.

309 3200 416 3265 Πάντα
436 3203 540 3267 κάλων
561 3205 661 3268 σείειν.
682 3203 811 3275 Ἅλιεδς
831 3209 956 3290 πληγεὶς
977 3208 1048 3272 νόον
1073 3207 1161 3271 οἴσει.

308 3283 414 3349 Πάντα
439 3288 493 3371 μία
518 3287 600 3358 κόνις
621 3290 693 3352 ἐστί.
719 3289 763 3353 Σδ
789 3291 822 3355 δ’
845 3293 926 3376 ἱερὸν
950 3293 1041 3356 οὐδὲν
1064 3293 1224 3378 ὑπάρχεις.

308 3367 455 3452 Πάντα[ς]
481 3375 531 3436 δεῖ
546 3375 775 3457 παραλοῶσθαι.
796 3377 927 3462 Ἀφηγηῖ
942 3377 1056 3460 τούμδν
1070 3377 1144 3463 όναρ
1159 3382 1223 3463 μοί.

308 3453 390 3518 Πᾶσι
408 3461 523 3539 κριταῖς
543 3465 637 3543 νικᾷν.
662 3458 762 3523 Πίνειν
785 3462 920 3546 διψῶντα
944 3468 1056 3546 σιωπῇ.

307 3536 421 3623 Παῶρα
440 3541 506 3622 μὲν,
528 3543 608 3607 ἀλλὰ
632 3545 716 3626 μάλα
736 3545 856 3628 λιγέως.
880 3543 1104 3630 Ἑτερόγναθός
1126 3545 1199 3609 ἐστι.

308 3621 403 3706 Πῆμα
424 3627 519 3691 κακὸς
539 3628 657 3707 γείτων.
675 3627 770 3711 Ὑπὲρ
789 3626 985 3712 Ἐνδυμίωνα
1007 3629 1178 3699 καθεύδεις.

308 3705 402 3771 Πλεῖν
421 3705 666 3792 είςΜασσαλίην.
684 3705 773 3773 (Ἀλα
782 3712 906 3794 λείχειν.
927 3712 1036 3775 Δειλδν
1048 3715 1064 3776 ό
1077 3716 1222 3784 πλούτος.

379 4000 742 4212 ‚f
