3059 4492
766 457 828 515 262

382 627 410 683 Α
429 625 579 684 desiderio
598 625 711 684 functio
731 625 815 684 nulla
835 632 948 702 potest.

339 708 429 783 Quod
451 710 477 769 si
497 709 615 768 iuridici
637 711 768 770 studium
790 719 822 769 tc
841 710 974 768 muneris
996 719 1087 783 arcet,

382 795 462 871 Ergo
484 802 536 854 tuo
558 795 659 855 nullus
682 806 805 871 pectore
822 796 920 853 fervet
938 797 1042 853 Amor.

339 878 446 953 Qualis
469 882 575 953 Amor,
594 881 622 939 si
642 899 696 939 vos
721 881 818 940 undae
843 879 1016 938 discrimine
1036 898 1131 956 parvo

381 963 518 1024 Distinet
536 985 554 1023 a
572 973 674 1024 vestra
694 966 811 1044 virgine
834 973 915 1022 terra
935 965 1065 1040 procul?

339 1049 420 1109 Dum
441 1057 533 1123 natet,
555 1051 699 1124 ostendit,
722 1069 798 1126 quae
811 1051 870 1122 vis,
881 1049 1031 1123 Leander,
1044 1069 1182 1109 amorum
1194 1059 1254 1125 est,

381 1133 533 1194 Nocturni
554 1136 725 1211 impavidus
747 1154 881 1194 murmur
901 1135 939 1192 ad
961 1153 1050 1193 omne
1071 1135 1151 1195 freti.

340 1219 419 1294 Quin
443 1221 553 1280 adsunt
572 1221 638 1294 tibi,
652 1221 772 1293 Amice,
783 1228 874 1279 rates.
896 1219 993 1297 Magis
1015 1240 1085 1298 ergo
1097 1221 1254 1279 Minervae

381 1305 528 1384 Invigilas
551 1304 671 1378 studiis,
693 1314 723 1364 et
742 1306 846 1363 Venus
868 1305 939 1380 ipsa
959 1305 1046 1363 iacet.

338 1389 444 1450 Pallas
462 1392 538 1462 iura,
562 1391 617 1449 sed
638 1391 764 1450 affectus
783 1391 888 1448 Venus
911 1389 1036 1448 obtinet.
1054 1390 1124 1449 Una

382 1475 511 1546 Palladi,
534 1475 581 1532 dio
603 1475 688 1548 mihi,
709 1476 777 1550 quis
798 1475 922 1547 serviat,
944 1482 974 1533 et
992 1474 1125 1533 Venari?

341 1643 436 1719 ζ(78)
634 1637 774 1708 Ἠιθέοις
799 1639 855 1702 οὐκ
877 1637 949 1701 ἔστι.

338 1726 412 1786 Non
436 1735 539 1786 tantos
563 1728 674 1802 patitur
695 1729 836 1787 iuvenum
857 1736 964 1785 natura
984 1727 1117 1801 labores,

383 1813 521 1888 Quantos
545 1813 684 1872 imbelles
708 1832 777 1886 nos,
801 1813 948 1871 muliebre
966 1831 1066 1872 secus.
1115 1806 1117 1812 ¹

339 1897 492 1972 Aequales
515 1897 576 1956 illis
599 1898 719 1971 adsunt,
744 1917 892 1973 curaeque
912 1891 1037 1957 ¹dolores

382 1982 536 2058 Intrepida
559 1984 649 2042 sociis
670 1983 804 2060 pandere
829 1983 1002 2041 voce-licet.

338 2065 406 2126 Nec
425 2069 545 2141 desunt,
569 2076 701 2135 mentem
723 2087 799 2143 quae
818 2076 957 2144 pascant,
979 2067 1111 2125 ludicrat
1129 2068 1214 2128 vicos

383 2151 614 2218 concelebrant:
634 2155 767 2212 animum
789 2153 871 2230 pieta
895 2153 1008 2211 tabella
1027 2153 1116 2229 capit

338 2236 439 2298 Nobis
463 2257 519 2296 nec
540 2239 587 2300 fas
612 2247 659 2298 est
682 2239 760 2298 coeli
783 2239 1027 2297 convexa‘tueri.

381 2323 522 2382 Inclusas
547 2324 626 2382 curis
648 2324 702 2384 sed
723 2324 832 2382 domus
850 2331 916 2380 atra
937 2323 1047 2397 coquit.

340 2490 435 2566 t(79)
618 2485 725 2570 Μηδὲν
751 2487 838 2570 ἄγαν,
866 2490 971 2573 σοφὸς.

338 2574 500 2634 Prudentis
524 2577 631 2634 scitum
648 2584 705 2649 est,
728 2576 778 2635 Ne
794 2577 866 2652 quid
881 2577 987 2656 nimls⁴3
1008 2578 1067 2634 Ast
1080 2593 1137 2651 ego
1152 2574 1254 2632 fastus

380 2661 553 2733 Indueram,
575 2662 662 2737 quasi
685 2662 742 2734 sal,
765 2671 817 2719 aut
832 2663 906 2720 mihi
926 2662 1026 2720 forma
1041 2661 1128 2717 foret.

311 2787 314 2796 -
339 2744 533 2804 Credideram
554 2746 655 2818 unius,
679 2765 777 2821 neque
800 2765 837 2804 ea
850 2756 897 2806 est
915 2747 982 2806 sine
998 2746 1115 2818 fraude,
1127 2741 1254 2820 puellae

304 2886 306 2890 .
380 2830 491 2888 Totam
513 2831 642 2888 animam
669 2831 701 2888 in
723 2832 863 2890 manibus
887 2851 1007 2908 semper
1028 2831 1140 2889 habere
1162 2828 1254 2886 meis.

338 2915 434 2988 Haec,
458 2915 546 2991 quasi
567 2915 720 2990 poeniteat
742 2935 872 2989 morum,
895 2917 1034 2992 vitaeque
1054 2913 1180 2993 prioris,

379 3002 512 3058 Intumet
533 2999 610 3058 elato
632 3021 712 3059 vana
733 3002 902 3077 supercilio.

337 3085 389 3148 Sic
408 3086 493 3163 prius
509 3085 561 3142 ille
582 3087 683 3159 ferox,
705 3086 758 3144 ille
779 3105 898 3160 aereus,
920 3087 973 3144 ille
993 3105 1051 3164 ego
1074 3083 1161 3143 tarde

381 3170 540 3243 Oredulus,
564 3189 600 3229 ac
622 3180 749 3250 tangens
773 3179 866 3245 astra,
887 3180 1014 3249 repente
1035 3190 1098 3229 ruo.

335 3255 416 3314 Nam
436 3264 554 3314 vertere
576 3257 678 3316 vices:
703 3263 733 3314 et
753 3257 885 3333 supplex
907 3259 1022 3333 clamo:
1043 3254 1203 3315 Nocentes

378 3342 497 3401 Aetatis
521 3341 594 3400 vitio
616 3341 720 3419 (parce
739 3341 862 3418 Puella)
882 3361 997 3401 sumus.

338 3510 432 3586 istil)
595 3505 691 3588 Ποίην
711 3507 754 3574 τὶς
774 3509 850 3589 πρὸς
869 3504 996 3589 ἔρωτας.

336 3592 494 3668 Quodnam
515 3595 572 3652 iter
593 3594 718 3654 insistas
740 3596 771 3652 in
793 3595 970 3653 amoribus?
994 3596 1073 3653 Ecce
1093 3602 1219 3670 petaces

343 3680 346 3688 ’
378 3679 414 3736 In
437 3679 534 3738 triviis
556 3679 646 3737 luxus
670 3699 732 3738 non
753 3680 870 3755 patiere
892 3680 992 3755 lupae.
