3059 4492
650 497 801 592 *se—

268 667 331 726 Pro
354 665 444 725 cultis
467 665 574 742 elegis,
595 664 766 742 incomptas
790 666 884 726 fundo
908 669 1057 742 querelas.

268 751 339 811 Non
362 751 437 808 mihi
459 758 540 822 sunt,
562 769 639 824 quae
660 758 692 808 tn
712 750 865 826 quondam
888 752 1012 811 laudare
1034 753 1165 828 solebas,

269 838 309 896 Et
332 837 405 911 quia
423 835 584 907 laudabas,
607 837 722 894 cunctis
744 836 896 914 placitura
916 839 1032 914 putavi,

271 921 424 982 Carmina
448 939 540 996 saepe
562 921 623 980 tuis
645 921 755 995 quibus
779 928 827 980 cst
849 921 977 980 audacia
998 924 1099 983 verbis

269 1006 393 1079 Addita,
415 1005 485 1064 dum
506 1005 608 1063 clarae
625 1013 763 1064 metuunt
785 1025 819 1065 se
840 1008 962 1066 credere
984 1008 1054 1070 luci.

270 1092 394 1163 Omnia,
415 1099 447 1148 tu
468 1091 602 1148 moriens
622 1090 698 1148 haec
719 1100 819 1149 tecum
841 1101 931 1169 rapta
952 1094 1057 1153 tulisti.

270 1177 386 1238 Omnia
403 1175 494 1233 ferali
514 1184 585 1234 sunt
604 1182 704 1233 lecum
726 1176 848 1234 condita
867 1178 963 1237 busto.

270 1262 298 1322 0
319 1262 416 1332 luces,
441 1281 459 1319 0
485 1279 562 1334 quos
582 1261 718 1333 memini,
743 1261 813 1318 dum
836 1262 899 1320 fata
919 1263 1070 1336 sinebant,

270 1344 434 1421 Colloquio
456 1345 536 1403 dulci
557 1352 656 1402 tecum
678 1365 726 1403 mc
747 1345 877 1404 condere
899 1346 999 1408 Soles.

271 1433 299 1492 O
323 1431 413 1489 tritos
437 1449 574 1490 sermone
594 1429 670 1504 dies,
702 1438 732 1488 et
752 1432 834 1489 seria
855 1431 960 1492 mixtis

269 1516 430 1576 alternata
448 1515 532 1574 iocis.
557 1535 575 1572 ο
598 1533 673 1589 quas
696 1515 829 1574 mirabar
849 1517 992 1591 adorans,

270 1602 467 1675 Oblitumque
486 1599 547 1658 mei
566 1601 639 1658 mihi
660 1619 709 1658 me
733 1620 861 1676 rapuere
884 1603 1031 1677 loquelae.
1077 1653 1080 1662 r

269 1686 341 1746 Heu
362 1686 415 1743 ubi
434 1685 545 1743 conditi
566 1685 687 1761 placida
711 1686 859 1763 gravitate
879 1688 1013 1765 lepores,

269 1775 369 1848 Atque
392 1771 525 1830 serenati
546 1770 649 1828 divina
670 1772 822 1830 modestia
843 1773 967 1832 vultus?

271 1858 300 1917 Ο
323 1855 463 1933 castigati
485 1854 641 1915 Charitum
663 1857 797 1914 sacraria
820 1875 928 1916 mores.

271 1943 431 2019 Opietas,
453 1961 471 1997 o
490 1959 568 1998 cana
587 1941 677 2014 fides,
701 1961 718 1999 o
739 1941 836 2000 mixta
858 1943 1005 2000 bonorum

270 2027 460 2104 Temperies.
481 2026 566 2086 Unus
589 2026 704 2099 habuit,
727 2046 805 2102 quae
824 2029 931 2086 flemus
955 2027 987 2085 in
1009 2047 1080 2089 uno.

270 2115 311 2172 At
332 2131 391 2171 vos
415 2131 434 2169 ο
457 2110 539 2188 digni
560 2110 668 2187 Pylios
679 2111 904 2170 'transcendere
924 2112 1013 2186 fines,

269 2199 309 2257 Et
329 2205 434 2255 tamen
454 2204 524 2253 ante
546 2195 626 2253 diem
648 2197 761 2254 crudeli
782 2197 888 2255 funere
911 2197 1002 2272 rapti,

269 2282 397 2342 Innocui
419 2282 538 2352 Manes,
558 2281 654 2340 nostri
673 2282 820 2340 libamina
842 2283 939 2340 luctus

268 2368 409 2445 Accipite
432 2367 488 2424 has
509 2366 661 2425 lacrimas.
685 2364 724 2425 Iit
744 2386 821 2443 quos
845 2375 999 2443 praestare
1013 2366 1166 2428 Camenae

269 2453 344 2512 Non
367 2461 614 2529 potueramcae,
635 2450 735 2527 pietas
760 2459 946 2530 compenset,
970 2453 1110 2521 honores.
1231 2447 1237 2464 ‘

369 2623 399 2679 7.
440 2622 614 2697 Epiccdiam
630 2625 661 2679 in
680 2624 787 2680 obitam
813 2623 881 2679 Iani
902 2623 1020 2682 Douaae
1042 2624 1079 2682 F.

270 2706 327 2768 Sol
351 2707 402 2781 qui
427 2706 565 2765 labentes
585 2707 618 2764 in
635 2707 758 2766 saecula
780 2705 891 2784 digeris
917 2725 1023 2781 annos,

270 2791 347 2866 Quis
370 2791 479 2850 modus
502 2792 665 2868 exequiis?
688 2810 779 2867 quem
800 2791 847 2850 fas
872 2793 1056 2853 caelestibus
1077 2795 1142 2866 iris,

268 2880 333 2938 Aut
351 2876 550 2936 conclamatis
571 2878 664 2934 finem
685 2884 824 2953 spectare
844 2877 962 2937 ruinis?

197 3012 201 3024 „
270 2962 334 3021 Vix
352 2971 406 3020 tua
428 2962 545 3021 sidereo
564 2962 676 3039 relegis
694 2962 825 3040 vestigia
843 2981 951 3038 passu,

269 3045 432 3107 Clarorum
452 3047 585 3124 capitum
608 3065 728 3122 semper
748 3067 829 3106 nova
849 3048 956 3106 funera
973 3047 1084 3119 cernis,

268 3133 311 3191 Et
331 3133 399 3191 sine
419 3145 515 3191 morte
534 3132 635 3207 aliqua
654 3151 808 3207 nunqnam
829 3140 882 3191 tua
904 3133 992 3210 signa
1010 3145 1165 3190 recenses.

269 3216 339 3276 Nec
360 3224 477 3275 tantum
501 3217 641 3276 exoriens
665 3216 809 3276 caelestia
831 3218 933 3276 sidera
958 3215 1077 3275 condis:

269 3301 428 3361 Deficiunt
443 3303 527 3378 ipsas
547 3302 638 3360 etiam
663 3321 719 3360 sua
740 3302 856 3361 lumina
876 3311 983 3374 terras,

271 3387 411 3448 Occidua
430 3406 557 3462 quorum
580 3387 712 3465 caligant
731 3388 854 3445 saecula
875 3387 953 3459 lucc,

270 3471 314 3532 Ut
332 3491 425 3548 quum
447 3481 480 3530 tu
503 3473 633 3548 pallens,
654 3472 758 3532 radios
783 3474 930 3531 subeunte
953 3489 1069 3543 sorore,

269 3557 379 3617 Rebus
401 3558 542 3616 ademisti
564 3558 664 3617 subita
684 3559 740 3616 sub
761 3565 848 3615 nocte
870 3555 1012 3614 colorem.

270 3642 355 3721 Ergo
378 3643 449 3700 dum
472 3651 634 3720 praerepta
651 3643 725 3700 uiihi
745 3650 792 3700 tot
813 3641 938 3719 pignora
958 3659 1029 3699 cara

270 3727 409 3801 Flentur,
437 3736 467 3786 et
489 3728 634 3803 exequias
654 3736 737 3786 totus
761 3728 925 3804 dispersor
946 3728 978 3786 in
1001 3743 1123 3785 omnesz
