3059 4492
793 507 833 569 tt

354 673 435 732 Nam
460 675 521 734 sint
542 693 592 745 ne,
613 674 738 747 ciccum,
761 693 817 732 nec
839 695 889 748 ne,
910 695 968 734 non
989 679 1149 736 interduim
1173 709 1213 720 -

354 759 405 816 illi
425 759 527 836 igitur,
546 760 680 832 inquam,
700 779 755 817 seu
775 760 899 832 Poetae,
923 762 987 820 sive
1011 783 1080 838 non,

355 842 437 904 Satis
457 844 619 904 'modorum
639 843 816 920 diligentes,
839 854 969 904 ceterum

356 926 531 989 Sermonem
550 930 653 1004 iniquo
672 929 828 1004 pensitant
849 933 998 990 examine.
1032 963 1053 1014 g
1075 927 1108 1012 l:

354 1014 555 1088 Lasciuiaque
575 1035 636 1072 non
660 1014 795 1085 ferenda,
817 1016 913 1072 nescii

356 1100 425 1174 Qua
445 1099 539 1174 prisci
562 1099 686 1157 honoris
707 1107 793 1173 parte
810 1101 953 1157 'servetur
973 1109 1073 1175 tenor,

356 1182 441 1242 Graii
462 1184 598 1240 cothurni
619 1183 761 1255 nobilem,
781 1192 892 1256 catam,
917 1203 1051 1262 gravem,
1132 1259 1134 1264 ,

355 1269 462 1326 Tubae
486 1269 582 1326 virilis
602 1269 767 1325 intonatam
788 1269 969 1342 inuentibus,

354 1353 467 1412 Nervis
483 1353 616 1410 adultam
639 1363 668 1410 et
690 1354 804 1410 viribus
827 1353 1031 1431 Tragoediam

354 1439 561 1496 Deartuarunt
580 1456 651 1495 voce
673 1438 825 1514 languifici
846 1441 912 1498 soni

356 1523 511 1583 Orationis
535 1542 668 1598 nuperae
689 1523 833 1595 novitiae,

356 1607 432 1668 Stilo
453 1607 586 1683 pedestri
609 1618 639 1664 et
659 1601 813 1665 femininis
836 1606 964 1665 naeniis.

354 1692 582 1751 Homunciones
603 1693 659 1748 hoe
679 1693 831 1750 venustuli
850 1701 880 1748 et
901 1693 959 1748 cati

355 1776 422 1837 Sibi
445 1777 593 1848 videntur,
615 1777 671 1832 hoc
695 1777 775 1834 beati
799 1795 834 1833 ae
856 1777 976 1848 divites,

355 1861 535 1935 Suadaeque
555 1862 670 1918 alumni
689 1870 720 1918 et
742 1862 867 1919 Venerii
891 1861 1041 1938 nepotuli:

353 1947 500 2020 Adeoque
521 1947 654 2022 positum
677 1947 725 2004 vel
746 1947 805 2005 sibi
826 1947 856 2003 in
879 1947 978 2004 medio
1002 1952 1110 2022 putant

354 2031 527 2090 Tractanda
550 2033 581 2088 in
604 2040 667 2089 arte
688 2032 807 2090 Musica
826 2032 1015 2108 palmarium.

396 2123 438 2176 At
451 2115 624 2175 Gratiarum
643 2125 748 2191 peetus
768 2119 952 2188 abstrusum,
971 2117 1114 2192 optimus,

352 2202 452 2260 Docte
472 2202 637 2280 expolitus,
657 2210 748 2277 atque
770 2202 936 2259 liberaliter

354 2288 523 2344 Instructus
546 2287 628 2365 omui
648 2287 803 2344 literarum
829 2287 925 2363 copia,

353 2363 452 2429 Poeta
473 2380 578 2430 noster
598 2372 678 2429 inter
700 2372 758 2430 hos
780 2371 912 2431 medium
931 2369 1011 2428 ferit.

353 2457 497 2514 Veterum
520 2475 618 2531 neque
640 2456 687 2513 illi
708 2457 822 2533 ignava
843 2455 1028 2533 negligentia

353 2541 469 2613 Placet,
489 2551 541 2598 aut
562 2561 704 2598 novorum
727 2543 856 2600 obscura
878 2540 1044 2616 diligentia.

353 2626 475 2684 Florem
497 2626 611 2700 leporis
633 2625 784 2697 Scaenici‚
806 2635 896 2700 atque
916 2625 1062 2696 Musicae,

353 2711 490 2784 Utroque
513 2711 646 2769 numeris
669 2711 849 2786 temperavit
872 2719 902 2767 et
923 2711 1002 2782 stilo,

355 2795 471 2853 Priscis
497 2795 604 2853 Poetis
627 2796 762 2865 comtior‚
786 2795 894 2853 melior
912 2796 1010 2852 novis.

395 2879 484 2938 Nunc
504 2899 573 2958 ego,
595 2881 667 2954 quid
679 2880 797 2951 adsum,
816 2899 943 2954 quamve
958 2899 1022 2937 rem
1035 2878 1115 2950 veui,
1130 2874 1269 2950 eloquar.

353 2966 466 3024 Favete
488 2965 599 3042 linguis
623 2984 690 3037 vos,
712 2975 741 3022 et
762 2965 894 3023 animum
918 2960 1092 3023 advortite'

353 3051 501 3109 Desmota
523 3049 641 3108 Graeca
663 3059 711 3108 est
730 3051 885 3127 Aeschylo
907 3049 1092 3128 Tragoedia3

353 3136 452 3194 Poeta
471 3146 575 3194 noster
597 3136 686 3194 vertit
706 3135 790 3192 illam
809 3135 951 3193 barbare:

353 3220 502 3295 Illamque
522 3220 654 3298 opimam
676 3230 707 3278 et
724 3222 847 3278 uberem
868 3219 1040 3277 facundiam

353 3307 393 3364 Et
415 3307 577 3381 scriptione
599 3314 647 3364 est
667 3314 825 3364 assecutus
851 3314 880 3362 et
904 3305 990 3363 stilo:

355 3391 395 3450 Ut
417 3392 548 3468 nequid
571 3392 647 3450 inibi
668 3392 770 3467 possit
791 3390 955 3450 invenirier

353 3476 465 3534 Errore
488 3478 645 3549 omissum,
668 3477 733 3534 sivo
753 3475 990 3552 perperitudine.

248 3591 258 3612 ι
354 3560 443 3618 Hanc
463 3579 534 3638 ergo
553 3561 790 3636 vobistlabulam
811 3581 827 3618 e
849 3569 951 3618 vetere
973 3577 1083 3616 novam

274 3658 278 3668 “
354 3646 498 3723 Adporto.
520 3655 633 3704 tautum
657 3654 712 3706 est.
734 3665 790 3705 vos
812 3646 913 3703 valete
935 3653 965 3702 et
986 3643 1086 3700 vivite.
