3059 4492
701 445 764 532 'ars

276 641 425 712 Demens,
448 647 592 698 monente
615 647 701 717 patre
725 642 815 713 bene,
838 639 1007 718 deprensus
1028 654 1085 705 est.
1111 692 1115 698 .

172 799 174 812 .
276 726 358 785 Nam
381 726 426 786 sie
444 725 603 784 monebat:
629 724 740 798 Gnate,
765 726 875 785 bellica
893 726 960 786 clue

276 812 395 869 Virtute
412 810 524 869 vietor:
550 810 637 868 vinee
660 829 727 868 eum
750 811 820 871 Deo
842 819 954 870 nmen.

172 895 174 942 Γ
277 895 390 956 Contra
414 895 467 954 ille
490 903 573 954 torve
593 895 703 954 affatur
722 915 757 953 ae
782 896 970 973 superbiter:

172 1017 173 1044 2
277 982 304 1041 Ο
328 981 461 1058 genitor,
484 980 574 1039 etiam
597 981 715 1056 siquis
738 991 786 1041 est
806 981 883 1039 nulli
903 984 959 1054 rei,

276 1067 397 1124 Virtute
416 1065 518 1124 divum
543 1065 657 1124 vincet:
685 1074 734 1124 ast
755 1085 813 1143 ego
834 1067 912 1124 hauc
933 1068 1026 1140 facul,

276 1151 376 1211 Etiam
400 1151 467 1209 sine
487 1150 550 1209 illis
571 1150 738 1228 indipiscar
757 1152 896 1228 gloriam.

275 1236 362 1296 Adeo
385 1237 515 1310 superbe
538 1244 585 1294 est
607 1236 778 1312 eloquutus.
799 1237 942 1312 Denique

276 1322 376 1380 Divae
396 1318 563 1393 Minervae,
584 1321 654 1378 dum
676 1321 761 1380 illum
782 1322 815 1380 in
837 1321 1056 1382 offertissumos

172 1405 173 1410 ’
276 1407 426 1466 Hortatur
447 1406 548 1466 hostes
568 1415 683 1466 vertere
702 1407 847 1465 infestam
865 1426 998 1479 manum,

276 1491 400 1550 Dictum
421 1491 600 1564 obloquutus
622 1511 784 1568 perparum
806 1500 855 1550 est
876 1500 909 1550 et
926 1493 1095 1569 impotens:

277 1578 304 1637 Ο
327 1577 409 1648 diva,
436 1574 572 1635 Graecos
594 1583 731 1636 caeteros
753 1596 903 1654 praesens
924 1597 983 1656 ope

276 1663 405 1720 Tutare:
434 1680 505 1718 nam
527 1660 558 1720 in
580 1681 637 1720 nos
660 1662 744 1720 nulla
766 1663 813 1720 vis
834 1682 954 1739 pugnae
975 1665 1104 1741 ingruet.

276 1748 334 1806 His
358 1746 411 1806 ille
433 1747 541 1806 verbis.
558 1746 618 1806 sibi
638 1747 724 1804 Deae
747 1747 955 1823 implacabiles

275 1832 396 1892 Aseivit
416 1831 491 1904 iras,
517 1833 635 1890 bomine
658 1832 780 1908 spirans
803 1833 904 1891 altius.

276 1917 338 1978 Sed
361 1917 388 1975 si
411 1916 490 1974 diem
511 1919 603 1976 istum
623 1917 754 1975 vescitur
772 1919 848 1976 vita:
871 1916 964 1987 ilicet,

274 2004 352 2064 Eius
373 2001 503 2061 salntem
526 2021 592 2060 cum
617 2002 683 2062 Deo
707 2003 902 2062 confecimus.

274 2088 364 2146 Haec
386 2105 489 2164 augur.
512 2095 543 2145 nt
564 2106 613 2146 me
636 2107 676 2146 ex
699 2088 884 2148 sessimonio
905 2085 1006 2144 statim

275 2173 349 2232 Tibi
372 2173 433 2231 ista
452 2171 534 2230 misit
557 2173 759 2250 perferentem
782 2173 889 2232 sedulo

275 2257 422 2318 Mandata
444 2257 572 2316 Teucer.
596 2257 630 2318 Si
652 2276 709 2316 neo
729 2259 837 2318 adsum
854 2256 1000 2332 tempori,

274 2343 348 2402 Non
372 2352 497 2418 superat
517 2342 580 2413 ille,
603 2343 718 2420 siquid
743 2345 792 2402 hic
815 2343 944 2402 Calchas
965 2341 1055 2418 sapit.

276 2427 332 2488 Ch.
376 2427 555 2500 Tecmessa,
577 2429 689 2487 misera
708 2431 829 2502 mulier,
853 2426 961 2486 infelix
981 2444 1088 2504 genus,

275 2513 410 2585 Accede,
432 2521 463 2572 et
484 2513 565 2585 andi,
586 2513 688 2587 qualia
709 2515 757 2572 bic
779 2516 873 2574 verba
894 2512 1058 2589 obstrepit:
1193 2515 1244 2570 785

277 2598 367 2671 Quae
391 2598 532 2676 gaudium
554 2617 645 2656 omne
669 2608 865 2677 expectarent
883 2599 986 2656 animo
1004 2597 1087 2656 mibi.

276 2684 353 2742 Tac.
399 2683 480 2759 Quid
499 2703 547 2742 me
569 2683 721 2743 misellam
737 2687 789 2744 vix
809 2685 1016 2761 quiescentem
1041 2702 1060 2740 a
1079 2683 1170 2742 malis

277 2771 349 2827 Meo
368 2777 507 2826 recenter
527 2769 665 2828 excitatis
689 2771 726 2827 de
746 2771 848 2830 statui

274 2852 333 2914 Ch.
382 2854 452 2912 Tibi
475 2873 548 2931 ergo
572 2854 653 2914 dicat
671 2856 745 2914 ista:
771 2875 842 2914 nam
864 2874 913 2912 me
935 2854 973 2911 de
992 2863 1045 2913 tuo

273 2940 371 2998 Aiace
395 2956 472 3015 quae
493 2940 638 3012 narravit,
661 2941 839 2999 exanimant
856 2950 948 2998 metu.
1193 2942 1245 2996 790

275 3024 351 3082 Teu.
400 3023 482 3097 Hau,
491 3025 533 3082 mi
544 3026 641 3097 homo,
654 3027 725 3100 quid
738 3026 805 3084 aisf
817 3045 856 3083 an
868 3024 990 3101 penitus
1000 3043 1056 3100 ego
1074 3022 1193 3081 occidi?

274 3107 375 3168 Nune.
398 3108 446 3168 De
468 3117 499 3168 te
520 3111 596 3168 nibil
617 3112 780 3187 promitto:
803 3111 842 3170 de
861 3110 957 3168 Aiace
974 3117 1118 3179 attamen,

276 3192 312 3254 Si
333 3193 501 3253 eliminavit
519 3195 584 3268 ille,
603 3216 665 3254 non
690 3215 811 3272 sperem
834 3198 922 3254 bene.

275 3279 351 3338 Teu.
404 3280 581 3338 Eliminavit
603 3282 630 3340 is
654 3282 786 3358 quidem,
809 3290 843 3340 ut
865 3288 1011 3338 metuamz
1033 3277 1193 3351 quidest?

274 3363 376 3424 Nunc.
402 3365 520 3423 includi
540 3375 645 3442 aperte
665 3366 757 3426 iussit
774 3367 861 3425 illum
882 3366 961 3423 iutra
982 3363 1087 3422 domus
1193 3365 1258 3420 795.

275 3448 432 3528 Consepta
454 3449 582 3523 Teucer,
602 3471 659 3510 nec
678 3453 763 3512 foras
785 3453 932 3510 amittere.

276 3534 350 3593 Teo.
400 3535 461 3596 Ubi
482 3536 550 3613 ipse
574 3536 712 3595 Teucer?
740 3556 793 3596 cur
812 3537 841 3596 is
862 3538 938 3594 haec
955 3533 1033 3593 adeo
1055 3533 1161 3592 iubet?

274 3619 377 3680 Nune.
400 3621 466 3679 Iam
487 3641 557 3680 mox
578 3622 687 3680 redibit
707 3622 771 3680 ille.
789 3630 939 3680 caeterum
963 3618 1076 3678 exitum

274 3705 417 3766 Hominis
437 3706 476 3764 ad
496 3707 616 3783 aliquod
634 3707 757 3766 tendere
781 3707 906 3766 exitium
927 3714 1072 3764 autumat.
