3059 4492
640 540 791 549 υ*-

301 621 397 682 caius
420 622 518 681 adhuc
538 622 641 680 laudet
659 623 743 680 fama
762 621 895 682 tribunal
914 641 1002 697 anus,

262 709 299 767 Et
316 726 409 785 grave
429 706 584 777 iudicium,
606 707 672 766 sire
694 709 771 780 eius,
795 708 847 783 qui
867 717 970 773 movet
992 729 1098 770 urnam

302 790 466 868 Quaesitor
489 792 602 865 Minus,
626 795 729 850 Aeace
751 794 815 852 sive
840 801 938 852 tuum:

264 877 564 937 Omniacoucedent
581 877 640 934 iuri
661 878 810 936 subsellia
833 879 949 949 nostro,

300 963 503 1038 laetitiaeque
525 962 636 1020 crimus
657 963 710 1020 lex
732 963 880 1020 imitanda
899 981 1004 1021 novae.

263 1046 391 1109 Saecula
410 1046 546 1118 Saturni,
568 1047 764 1124 priscumque
784 1047 961 1106 reduximus
984 1067 1089 1109 aurum

300 1132 437 1191 Iudiciis.
459 1132 587 1190 Themis
609 1141 657 1190 est
678 1152 732 1190 ore
752 1132 854 1190 locuta
875 1151 951 1193 mco.

262 1217 320 1275 Vos
342 1217 584 1294 conscriptorum
604 1217 735 1296 collegia
756 1218 840 1275 scria
848 1216 971 1276 Petrum

302 1301 426 1374 Testor,
447 1309 477 1359 et
497 1301 642 1378 auspiciis
663 1300 755 1360 Curia
776 1310 860 1360 recta
881 1302 973 1361 meis:

262 1387 426 1462 Ecquando
444 1387 578 1445 auditum
598 1395 706 1444 nostra
725 1387 773 1445 vel
793 1387 873 1459 labe,
895 1387 943 1445 vel
966 1389 1027 1446 ullo

303 1471 438 1531 Crimina
460 1480 503 1530 tot
523 1491 667 1547 proceres
691 1472 850 1531 erubuisse
870 1473 973 1531 novo?

174 1598 175 1615 2
264 1557 349 1632 Quae
369 1576 439 1614 mea
458 1557 575 1616 calcato
598 1557 749 1616 sententia
769 1557 867 1616 missa
885 1557 998 1634 pudore

302 1643 459 1700 Imminuit
478 1651 598 1700 vestrae
620 1642 686 1699 iura
706 1660 814 1700 severa
836 1643 945 1720 togae?

263 1726 335 1800 Quis
359 1746 414 1786 nos
434 1728 585 1786 vindictae
606 1727 706 1799 caecis
726 1726 859 1788 caluisse
884 1730 1003 1787 notavit

302 1813 448 1884 Motibus,
469 1813 590 1871 obiecto
613 1812 663 1870 vel
680 1813 818 1888 tepuisse
839 1814 943 1871 metu?

265 1896 339 1972 Quis
360 1897 475 1955 lentum
499 1897 592 1956 vidit?
614 1897 794 1957 Miserarum
813 1906 885 1956 vota
907 1897 1049 1956 clientum

303 1983 423 2040 Eventu
446 1983 528 2041 dubii
550 1982 685 2060 pendula
707 2001 801 2059 saepe
823 1983 883 2040 fori

264 2066 335 2126 Nun
358 2068 447 2125 favor
468 2067 571 2140 elusit,
592 2087 651 2125 non
670 2069 811 2142 improba
832 2067 929 2144 gratia
952 2067 1034 2138 vicit,

281 2151 374 2210 *Non
397 2153 630 2229 frustrat[r]ices
652 2153 807 2211 detinuere
826 2170 944 2211 morae:

263 2235 331 2295 Non
353 2238 436 2295 mala
458 2238 554 2311 fraus,
575 2246 605 2295 et
622 2238 697 2297 iuris
720 2237 940 2296 inextricabilis
965 2255 1060 2307 error,

303 2322 374 2381 Non
394 2324 495 2400 legum
512 2323 542 2380 in
566 2323 673 2381 dubias
693 2323 823 2398 compita
845 2330 927 2381 secta
947 2319 1022 2379 rias.

264 2409 303 2467 At
320 2409 433 2486 lungae
455 2411 599 2485 ambages
618 2408 688 2466 lites
712 2427 751 2464 ex
774 2408 828 2465 lite
849 2413 1026 2485 propagant,

302 2493 343 2551 Et
362 2494 448 2551 fraus
471 2493 633 2552 succrescit
649 2493 806 2551 fraudibus
829 2501 892 2550 arte
914 2492 1004 2549 mala.

263 2578 309 2636 Ah
334 2578 434 2636 valeat
453 2597 648 2655 quaecunque
670 2579 738 2637 viae
762 2578 944 2654 compendia
964 2575 1070 2648 nescit,

303 2663 506 2741 Pragmaticis
525 2664 640 2722 nullum
661 2683 776 2739 ponere
797 2663 884 2721 ducta
907 2663 1037 2734 modum,

264 2746 324 2808 Sed
346 2750 427 2807 male
447 2749 588 2807 iudicium
611 2749 720 2822 differt,
744 2767 780 2805 ac
803 2749 894 2806 surda
914 2755 1049 2806 moratur

303 2830 378 2892 Nun
400 2843 523 2892 exorata
544 2834 626 2892 curia
645 2835 750 2893 clausa
773 2851 851 2906 sera,

263 2915 391 2996 Dignior
411 2920 534 2997 ignaras
556 2920 645 2996 aequi
666 2939 743 2996 quae
766 2927 914 2995 temperet
934 2921 1035 2989 urbes,

303 3003 407 3061 Ponat
426 3012 457 3062 et
476 3005 509 3062 in
531 3003 671 3081 Scythico
694 3006 823 3063 barbara
844 3004 911 3062 iura
933 3004 1015 3062 foro.

264 3085 418 3148 Sedulitas
439 3110 501 3148 una
519 3098 566 3148 est
588 3090 750 3148 clementia
769 3088 878 3148 indicis
900 3089 999 3164 aequi,

306 3171 442 3233 Saevitia
466 3182 513 3234 est
533 3175 673 3252 quicquid
696 3182 799 3234 cessat
818 3175 856 3232 ab
877 3173 986 3232 officio.

262 3258 319 3316 Ille
340 3279 441 3318 moras
465 3261 577 3338 legum,
601 3267 631 3318 et
651 3261 724 3319 iuris
742 3259 912 3318 retinacula
932 3262 1061 3332 rumpat,

306 3344 436 3404 Sedulus
458 3345 598 3422 exemplo
621 3347 673 3421 qui
690 3347 773 3404 volet
795 3363 864 3403 esse
885 3361 964 3400 meo.

262 3426 420 3489 Hactenus
443 3431 588 3488 excubiae
610 3430 726 3507 populi.
747 3430 865 3506 privata
885 3432 1045 3503 supersunt

304 3516 419 3587 Mania,
437 3524 467 3574 et
489 3518 654 3574 instructae
679 3517 787 3574 sedula
808 3532 879 3570 cura
901 3512 1016 3570 domus.

264 3596 334 3658 Nun
356 3601 429 3658 mihi
452 3600 585 3660 conscivi
607 3601 767 3673 maculam,
791 3617 851 3673 qua
873 3614 996 3669 numen,
1019 3605 1048 3654 et
1066 3595 1152 3672 ipsos

304 3685 399 3744 Fama
419 3705 507 3746 meos
528 3705 625 3745 mores
649 3687 772 3744 decolor
792 3683 855 3741 ulla
877 3691 970 3742 notet.
