3059 4492
629 511 780 607 *sq-

251 680 310 741 Sed
331 681 407 739 eomi
427 699 487 740 non
508 680 556 740 iss
581 681 690 740 alienis
714 682 844 756 cultibus
869 682 983 760 illud[,]

290 766 381 842 Quod
405 765 495 824 oomit
514 765 620 826 Pietas
644 766 773 825 cultibus
796 767 866 843 ipsa
885 769 959 828 suis.

425 934 471 992 19.
514 937 553 992 In
572 936 694 1011 Eleptos
719 935 853 1020 stabiclis
873 935 996 995 Heinsii.

249 1020 340 1078 Peste
362 1020 576 1094 sophistarum,
600 1019 734 1094 seelique
756 1019 860 1084 afflatu
879 1039 1009 1095 veneno,

288 1105 445 1164 Pieridum
466 1105 597 1162 invisam
618 1105 706 1162 turba
724 1103 849 1179 reliquit
870 1105 1002 1164 humum.

249 1189 287 1247 Et
307 1190 363 1248 tibi
380 1197 468 1266 grets
486 1197 587 1248 tumen
612 1190 730 1267 coeptis
755 1189 932 1263 audaeibus,
955 1191 1077 1266 Heinsi,

288 1275 327 1334 In
347 1275 450 1335 medis
469 1283 594 1352 surgunt
612 1275 747 1334 carmine
764 1273 921 1333 barbarie:

251 1359 344 1435 Queis
367 1379 425 1418 sue
445 1368 613 1437 postponat
631 1379 718 1434 quem
741 1359 865 1437 protulit
887 1360 1014 1420 Umbris
1034 1370 1134 1422 vetes:

289 1446 330 1504 Et
349 1464 428 1519 quae
445 1445 595 1522 Pelignus
616 1445 728 1502 dixerit
751 1462 820 1502 esse
844 1463 916 1503 sue:

250 1528 317 1589 Non
340 1530 416 1589 secli
437 1530 512 1589 vitio
535 1530 650 1606 primos
673 1531 818 1588 moritura
840 1531 896 1587 sub
921 1539 1016 1603 orttrs,

289 1614 352 1675 Sed
371 1615 475 1674 doetus
493 1617 573 1673 inter
591 1616 692 1674 vivere
713 1624 796 1672 certa
817 1631 936 1674 manus.

251 1699 369 1760 (iratior
388 1707 423 1757 ut
440 1719 570 1774 namque
589 1707 638 1759 est
659 1719 748 1774 quem
763 1719 839 1776 ques
852 1719 905 1758 ver
919 1701 1027 1758 educat
1040 1701 1162 1775 ulmum,

292 1785 379 1860 Quae
397 1785 498 1844 medio
519 1784 652 1844 Bmmse
671 1785 770 1844 sidere
791 1793 863 1843 nata
885 1804 956 1844 ross
975 1794 1035 1846 est:

253 1867 301 1931 Sic
323 1871 422 1947 magis
444 1872 493 1928 hie
512 1871 625 1942 foetos,
646 1889 737 1945 quam
757 1889 832 1946 quos
853 1877 940 1928 vetus
960 1871 1053 1929 edidit
1066 1879 1163 1944 setes,

290 1955 442 2014 Virtutum
465 1957 521 2013 hoo
542 1955 638 2014 sterili
657 1964 793 2032 tempore
817 1961 921 2031 gratus
945 1957 1010 2016 erit.

408 2123 459 2182 20.
499 2126 538 2180 In
557 2123 696 2180 Poemata
717 2125 864 2181 Dominioi
885 2124 1006 2181 Raudii.

253 2208 284 2271 Si
306 2229 384 2285 quos
407 2215 455 2267 est
476 2208 559 2280 olim,
580 2207 689 2281 Beudi,
713 2209 822 2266 mirate
844 2215 980 2266 vetustus

290 2295 441 2352 Dulcibus
462 2293 624 2370 implentes
647 2294 737 2366 docte
752 2292 871 2351 theatra
890 2293 998 2364 modis,

251 2380 363 2439 Ilmi‘ssi
384 2379 518 2438 tenebris
541 2387 612 2455 post
630 2380 734 2437 secula
755 2378 851 2436 multe
873 2386 981 2453 poetee

290 2464 391 2541 Elysii
415 2464 554 2538 linquant
574 2462 687 2530 blanda
708 2465 805 2521 vireta
825 2463 892 2535 soli,

251 2549 428 2628 Ingeniique
449 2550 493 2606 tui
514 2548 618 2607 felicis
637 2550 769 2626 pignora
792 2559 913 2616 sument

289 2635 420 2707 Versus,
442 2653 518 2710 quos
541 2631 629 2690 hilari
646 2655 708 2692 non
730 2635 791 2692 nisi
810 2636 907 2692 fronte
927 2634 1043 2710 legent:

252 2719 318 2778 Hos
336 2721 416 2777 ratio
431 2720 607 2778 alterutrum
630 2720 760 2796 subiget,
785 2721 831 2777 vel
855 2727 1012 2794 utrumque
1034 2718 1133 2789 fetori,

292 2803 333 2866 Se
352 2805 497 2863 didicisse
519 2812 601 2876 tuos,
625 2813 654 2862 te
679 2805 822 2864 docuisse
845 2822 928 2863 suos.

469 2974 518 3032 21.
562 2976 602 3031 Io
619 2976 689 3031 Iani
711 2974 831 3030 Douros
851 2973 944 3030 Eolo.

253 3057 320 3116 Non
340 3059 408 3117 sole
427 3060 581 3118 Aonidum
603 3058 804 3116 blandissime
824 3059 911 3116 turbe
932 3055 1076 3116 Sororum

292 3143 397 3203 Certet
418 3144 457 3201 ed
483 3144 673 3218 obsequium,
697 3143 830 3199 maxime
851 3141 967 3214 Douse,
987 3151 1079 3199 tuum.

252 3229 343 3288 Addit
366 3248 401 3288 se
424 3229 577 3301 comitem,
599 3228 788 3305 trepidisque
810 3227 985 3304 supervenit
1004 3225 1101 3296 Eeho,

292 3312 365 3374 Sive
387 3315 465 3371 haee
487 3314 621 3385 ambitio,
642 3332 697 3371 sen
714 3312 837 3389 pietatis
862 3331 950 3389 opus.

253 3396 323 3457 Sole
344 3399 401 3456 tibi
423 3400 577 3476 tacitoque
598 3405 689 3470 tseet,
709 3398 897 3472 loquiturque
917 3394 1065 3470 loquenti,

292 3485 342 3542 Ad
362 3484 478 3543 domini
500 3503 588 3542 voces
610 3493 752 3558 prompte
774 3483 914 3541 ministre
935 3481 993 3553 sui,

253 3568 427 3627 Immortnle
449 3570 546 3628 ssoris
565 3569 754 3645 respondens
778 3585 899 3624 carmen
925 3566 963 3624 sb
986 3565 1093 3637 antris,

292 3654 381 3730 Quae
404 3673 473 3712 eum
493 3654 597 3712 Pierio
621 3654 733 3711 struxit
757 3651 867 3728 Apollo
888 3651 993 3712 choro.

255 3737 332 3812 Quid
355 3759 415 3798 non
439 3741 584 3813 divinum,
606 3738 678 3814 quid
698 3758 758 3796 non
782 3735 934 3796 laudabile
955 3738 1034 3797 diost
