3059 4492
252 669 377 736 Πάντας
399 665 577 754 φοβεῖσθαι,
597 672 687 731 πᾶσιν
706 667 740 736 δς
760 669 905 752 φοβερὸς,
926 669 1039 752 χρεών.
1083 671 1086 677 ’

253 754 392 820 Φειδοῦς
413 753 447 817 τδ
469 751 550 814 λιτύν
577 752 655 814 ἐστιν
682 752 801 820 ἐνδείας
823 751 907 820 ἄκος.

248 841 422 922 Ἀρνητιῶν
447 838 601 920 φειδωλὸς
624 836 712 921 εὗρεν
732 838 841 899 αἰτίαν.

252 921 395 1006 Ἀρνεῖθ
420 922 534 1006 ἑαυτῷ,
554 921 733 1004 δυσπύριστ’
755 920 947 1004 αἰτούμενος.

161 1039 163 1064 ι
252 1005 450 1091 ἰλτοπήματ’
474 1007 534 1068 αἰεὶ
559 1005 670 1088 μεγάλ’
692 1005 888 1068 ἀπιστεῖσθαι
911 1008 1004 1090 φιλεῖ.

161 1085 162 1156 ί
255 1092 310 1178 Τῷ
334 1092 667 1198 δυστυχεῖίκράτιρτονσ
682 1091 851 1196 ἀπράγμων
875 1092 948 1175 βίος.

161 1183 162 1258 λ
258 1175 358 1242 Ούδὲν
379 1178 523 1260 αφελυιη,
545 1177 624 1257 πλην
650 1197 724 1258 οπερ
750 1177 878 1251 εδωκεν,
897 1174 985 1259 τύχη.

161 1263 163 1315 λ
257 1261 321 1326 Τοῦ
343 1266 397 1323 νοῦ
416 1265 599 1342 κρατοῦντος
620 1258 732 1342 ὄμματ’
756 1259 817 1343 οὐχ
840 1260 1019 1343 ἁμαρτάνοι.

161 1371 162 1414 3
257 1346 364 1431 Μηδὲν
388 1343 518 1420 σθένειν,
537 1341 600 1406 ἔστι
622 1343 755 1406 θανόντα
777 1347 831 1427 ζῇν
854 1344 936 1406 τύδε.

258 1429 324 1496 Ούκ
345 1429 423 1492 ίδιυν
446 1431 524 1511 ἡγοῦ
542 1427 576 1490 τύ
598 1451 633 1510 γε
655 1429 795 1512 πεφυκδς
816 1429 857 1511 μὴ
880 1428 991 1510 μένειν.

258 1514 297 1579 Τί
315 1513 436 1598 αἴσχιον
455 1513 599 1596 γέροντος
623 1513 656 1580 ὃς
677 1517 731 1596 ζῇν
756 1511 794 1596 ἀρ
820 1535 901 1588 εται;

256 1597 307 1664 Ἐν
331 1597 517 1683 ἁψιμαχίαις
537 1599 556 1678 ἡ
583 1599 715 1682 ἀκρίβει’
741 1537 907 1660 ὀλιύθάνει.

260 1683 283 1747 Ω
308 1681 403 1768 ῥίμφ’
426 1683 575 1755 ύποπτον,·
595 1682 651 1744 οῦκ
674 1682 820 1766 ἐρειπίοις
842 1682 942 1744 θάνοι.

260 1765 324 1832 Ούκ
352 1766 484 1850 εὐτυχὴς
505 1765 576 1828 ἔσθ’
602 1767 683 1834 ὅστις
702 1767 763 1850 οὐχ
786 1767 871 1851 αὐτῷ
889 1768 985 1830 δοκεῖ.

260 1851 324 1917 Ούκ
348 1851 478 1933 ἀγαθὸν,
501 1850 580 1912 εἶναι
600 1855 654 1912 τοῦ
675 1855 773 1914 κακοῦ
798 1851 936 1933 κρείττω,
955 1855 1055 1914 καλῶ.

258 1935 335 2002 Ἐλά
360 1958 440 1998 ιστυν
466 1935 522 1998 οῦκ
546 1933 614 1998 ἔσθ)
638 1935 712 2019 ὅπερ
737 1934 864 1998 ἔλαττον
889 1935 1035 1998 ἀπλέτου.

259 2019 324 2086 Οὐκ
348 2043 411 2082 εστι
436 2020 473 2103 δή
500 2042 564 2097 σον,
588 2020 659 2082 ὅσον
680 2020 801 2104 ἐποίησ’
824 2018 950 2123 ἡτύχη.

260 2104 301 2170 Τό
326 2128 376 2168 σοι
398 2106 636 2185 δυσαγκάλιστον
663 2104 769 2172 ἐπίθες
790 2104 907 2187 μηδενι.

259 2188 360 2255 Οὐδὲν
381 2187 452 2272 μέγ’
478 2189 551 2268 ἐστὶ,
572 2190 651 2272 πλὴν
675 2189 864 2273 ἀμίσθωτον,
888 2188 992 2254 κακόν.

259 2273 360 2340 Ούδὲν
383 2277 512 2336 τοσοῦτο
533 2273 653 2358 κέρδος,
674 2277 716 2342 ὡς
739 2273 849 2358 φειδὼ,
869 2271 969 2335 πέλοι.

256 2359 444 2428 Ἀκινδύνως
465 2357 521 2421 οῦκ
540 2356 604 2420 ἔστι
623 2358 764 2420 κινδύνου
785 2361 917 2440 κρατεῖν.

260 2442 304 2509 Ού
332 2446 398 2510 τοῖς
420 2447 569 2525 παροῦσιν
595 2442 680 2510 ἐλπὶς
702 2443 839 2525 ἀρκεῖται
860 2443 950 2526 κακή.

261 2526 327 2594 Ούκ
350 2529 480 2611 ἀτρεμεῖ
497 2527 571 2589 πόθ’
595 2529 614 2609 ἡ
639 2528 810 2610 συνείδησις
829 2527 918 2610 κακή.

259 2613 455 2697 Πειθαρχίας
473 2614 507 2674 τδ
527 2613 622 2680 κῦδος
645 2612 762 2675 ἰσοῦται
783 2612 896 2694 κράτει.

260 2697 366 2781 Μέρος
386 2699 521 2780 χάριτος,
545 2699 679 2760 αἰτοῦσιν
704 2695 865 2779 ἀρνεῖσθαι
883 2696 972 2781 ταχύ.

260 2781 341 2865 Νικᾷ
366 2782 406 2843 δί’
433 2779 567 2863 αἰῦν,’.ἠ
591 2781 807 2865 φιλοικτίρμων
831 2779 930 2864 φύσις.

259 2864 372 2951 Κίμβιξ
395 2866 507 2951 ἀφῆλιξ
532 2867 648 2949 μακρδν
670 2866 706 2928 ού
733 2867 888 2952 βιώσεται.

259 2949 413 3034 Καθαράς
432 2952 465 3013 τδ
489 2951 575 3012 θεῖον
598 2954 716 3035 χεῖρας,
739 2949 775 3012 οὐ
798 2950 926 3032 πλήρεις
946 2953 1064 3013 σκοπεῖ.

253 3030 327 3100 ‘'00'
351 3035 414 3097 ἐστὶ
436 3035 639 3118 μεταμελητέ
666 3036 696 3096 ἐν
721 3038 831 3118 μακρῷ
854 3034 929 3118 βίιμί

257 3119 313 3188 ζΩς
335 3119 436 3182 οἰκτον
457 3121 538 3182 αἰτεῖ
557 3121 597 3203 μή
618 3120 688 3181 ποτ’
701 3119 839 3185 οἰκτίσας
860 3119 973 3201 πάροςί

262 3201 375 3272 Οὐδεὶς
393 3205 422 3266 τί
442 3204 571 3266 δύναταί
588 3203 618 3286 γ’
642 3203 719 3278 οἶδε,
740 3202 819 3286 πλὴν
842 3206 951 3284 πεῖραν
978 3202 1099 3287 λαβάνί

252 3285 312 3351 Ὧν
337 3289 443 3373 πρᾶξις
467 3287 590 3372 αἰσχρὰ,
614 3288 655 3371 μὴ
679 3287 764 3352 δύκει
787 3283 857 3349 τάδ’
877 3286 1024 3369 εὔστομα.

258 3371 313 3442 Ὡς
333 3373 495 3456 προπετὲς,
518 3373 577 3435 ἀπε
620 3372 677 3434 ούκ
699 3372 797 3449 οἶδας,
820 3371 941 3433 ἀθετεῖν
963 3369 1080 3453 άκριτα.

252 3455 295 3522 Ὃ
318 3458 440 3534 ποθεῖς,
462 3456 479 3520 έ
501 3480 546 3526 οις
567 3397 614 3534 ἀν,
636 3458 673 3540 ἢν
695 3455 777 3539 τόγ’
800 3455 931 3539 ἀρκέσον
951 3454 1063 3538 ποθῇς.
1094 3462 1096 3465 ’

258 3541 327 3606 Ἀεὶ
352 3543 504 3628 φυβηθεις
525 3543 659 3626 κρίνεται
679 3539 755 3604 καθ’
780 3539 910 3624 ἡμέραν.

260 3626 329 3691 Ἀεὶ
348 3629 463 3692 κακίων
485 3629 505 3710 ἡ
528 3627 660 3690 ἐπιοῦσα
680 3631 734 3709 τῆς
754 3628 882 3707 προτοῦ.

262 3709 300 3776 Εἰ
323 3711 361 3775 τὰ
383 3713 452 3776 κάκ’
477 3713 545 3775 δνεῖ
562 3711 607 3788 σὲ,
629 3711 824 3794 πλημμελεῖς
842 3712 940 3772 ποιῶν
963 3709 1054 3771 καλά.
