3059 4492
729 465 882 560 Q—

356 631 407 692 Ul.
451 634 492 691 At
512 651 568 710 ego
589 633 710 690 interim
730 634 873 709 praedico
890 634 1039 692 Teucrum
1056 635 1088 692 in
1106 643 1264 712 posterum

359 716 490 774 Tantum
512 724 651 794 paratum
673 737 777 776 amare
798 738 857 792 me,
878 726 1020 794 quantum
1042 721 1175 780 oderam.

357 804 518 879 Meamque
540 821 630 878 opem
650 803 703 862 isti
722 803 890 862 funerando
913 805 1078 878 conferam,

351 889 459 945 'Meum
478 887 631 946 laborem:
655 888 757 962 nilque
780 889 928 961 omittam,
949 889 1030 964 quod
1049 891 1122 950 viris

281 966 348 1020 13⁸⁰
356 973 520 1032 Praestare
544 980 669 1032 cunctos
693 973 820 1031 addecet
840 973 1036 1033 fortissumis.

357 1057 432 1115 Teu.
477 1056 635 1116 Generose
651 1057 776 1134 Ulysse‚
802 1066 833 1116 et
853 1059 956 1117 omnia
977 1061 1052 1116 haec
1074 1059 1151 1117 dixti
1170 1062 1263 1134 bene,

355 1143 395 1200 Et
415 1142 517 1215 laude,
542 1160 713 1218 quanquam
733 1162 782 1200 me
804 1143 942 1202 fefellisti
964 1145 1042 1220 spei.

355 1227 436 1286 Nam
459 1228 510 1302 qui
532 1226 601 1284 huic
612 1228 760 1287 Achivum
776 1228 848 1286 olim
862 1230 997 1286 omnium
1013 1229 1264 1302 inimicissumus‚

355 1312 465 1378 Iuvisti
486 1313 582 1370 amice
603 1313 689 1372 solus
712 1313 802 1385 hunc,
823 1321 854 1370 et
870 1322 990 1372 mortuo

283 1395 350 1448 1385
360 1398 458 1455 Vivus
481 1397 592 1455 iacenti
612 1397 737 1454 noluisti
757 1397 896 1471 illudere,

359 1482 401 1542 Ut
420 1481 474 1538 ille
492 1500 598 1540 vecors
619 1483 797 1558 imperator,
821 1501 857 1540 ac
878 1483 970 1541 levis:

359 1568 443 1644 Ipse,
466 1565 599 1641 inquam,
620 1574 649 1624 et
669 1566 746 1624 alter
765 1568 870 1638 frater,
890 1568 975 1625 illum
997 1567 1107 1643 proiici

360 1650 509 1712 Studuere
528 1651 722 1709 lacerandum
744 1652 941 1729 insepultum,
961 1652 1158 1710 inconditum.

359 1735 418 1809 Qui
440 1736 513 1794 illos
535 1736 660 1812 Olympi
683 1744 783 1795 rector
804 1737 894 1796 huius
916 1737 1051 1813 luppiter

282 1817 350 1870 1390
358 1820 514 1896 Diraeque
536 1838 698 1894 memores,
720 1829 810 1896 atque
830 1823 943 1896 perfica
963 1822 1047 1894 ultio,

357 1906 568 1964 Lacerandum
590 1907 634 1964 uti
654 1907 744 1964 istum
767 1908 877 1982 proiici
897 1907 1049 1965 immerito
1070 1907 1169 1990 pirum

283 1991 285 1994 ’
359 1990 519 2064 Studuere,
543 1991 586 2048 ita
610 2009 717 2049 omnes
736 1992 881 2068 perduint
898 1993 997 2050 malos
1019 1991 1109 2049 male.

359 2075 431 2149 Seu,
452 2098 471 2135 o
491 2095 646 2153 propages
666 2076 748 2133 clara
770 2077 900 2134 Laertae
922 2078 1016 2150 senis,

357 2161 431 2220 Non
455 2162 576 2220 siverim
595 2169 625 2218 te
647 2161 737 2220 funus
760 2161 820 2220 hoc
839 2163 1026 2239 contingere,

283 2244 350 2298 1395
359 2246 402 2306 Ut
419 2246 531 2320 nequid
553 2247 635 2304 axim
654 2254 774 2305 mortuo
796 2247 866 2304 huic
888 2247 1038 2324 ingratiis.

358 2329 444 2403 Quod
466 2338 562 2406 potes,
585 2332 616 2388 in
640 2331 709 2390 aliis
733 2351 791 2390 nos
813 2333 893 2390 iuva.
924 2332 1002 2391 etsi
1023 2347 1113 2404 quem
1137 2328 1264 2388 exerciti
1358 2404 1359 2415 ἵ

330 2453 332 2462 ,
357 2416 515 2475 Abducere
538 2417 639 2474 animo
663 2424 720 2487 est,
744 2437 793 2474 me
814 2417 938 2475 lubente
961 2415 1081 2474 feceris.

358 2501 425 2577 Ego
449 2509 628 2577 apparatum
654 2508 776 2559 caetera
794 2503 856 2560 ibo.
880 2510 908 2559 te
929 2502 1049 2560 interim

357 2585 395 2643 In
420 2605 478 2644 nos
501 2585 598 2645 fuisse
620 2588 796 2645 memineris
819 2606 940 2644 munem
961 2587 1067 2646 virum.

285 2665 350 2719 1⁴0⁰
359 2669 410 2729 Ul.
443 2669 543 2727 Velim
566 2671 695 2745 quidem.
718 2680 749 2728 at
772 2672 798 2730 si
820 2673 923 2730 munia
944 2674 1004 2732 ista
1024 2689 1073 2728 me
1090 2665 1202 2741 exequi

359 2755 431 2812 Tibi
450 2774 511 2812 non
533 2756 661 2812 amicum
684 2763 740 2828 est,
764 2756 1049 2816 laudoconsilium.
1075 2751 1155 2810 vale.

358 2839 435 2898 Teu.
475 2837 539 2899 Sat.
562 2849 678 2915 tempus
700 2841 779 2898 enim
801 2842 861 2898 iam
882 2843 1004 2900 multum
1027 2841 1135 2918 agitur.

359 2922 421 2985 Sed
445 2923 557 2982 fossam
579 2944 662 3000 pars,
681 2925 733 2998 ite,
758 2945 901 3002 capacem

358 3009 528 3085 Properate
547 3029 653 3068 manu:
675 3029 746 3086 pars
772 3011 867 3087 tripes
890 3019 989 3070 autem

358 3095 400 3153 Et
421 3094 598 3154 lustralibus
618 3097 707 3155 undis
731 3096 866 3172 tepidum

358 3179 469 3238 Ponite
487 3179 620 3246 labrum:
643 3201 713 3256 pars
733 3200 796 3237 una
817 3181 908 3240 domo

358 3264 476 3322 Efferat
497 3265 579 3323 intus
602 3265 668 3322 duri
690 3265 826 3342 insignia

358 3355 453 3407 Arma
473 3349 575 3407 duelli.

361 3433 422 3494 Sed
443 3443 485 3506 tu,
508 3442 649 3508 quantum
673 3442 774 3510 potes,
797 3434 875 3490 alme
896 3452 982 3509 puer,

359 3518 483 3577 Patrios
505 3527 588 3577 artus
607 3537 721 3576 mecum
745 3507 915 3594 amplexus,

359 3602 486 3675 Attolle,
508 3603 586 3661 levo.
609 3622 737 3678 namque
758 3604 875 3662 cruoris

362 3685 507 3748 Salientis
530 3685 626 3744 adhuc
647 3687 742 3764 tepidi
764 3687 845 3745 tullii
