3059 4492
643 421 795 516 Α

303 589 425 664 Ingenii
446 586 567 664 excepit
587 587 691 648 inrlole
713 597 803 666 capta
824 590 882 648 tui:

260 672 302 730 tu
324 672 426 750 legum
450 672 566 732 studiis·
580 673 713 732 animum
734 674 895 732 emendare
915 676 1029 734 severis

303 756 387 815 Dum
407 765 506 834 parat,
527 758 605 816 haec
622 759 713 817 tacito
733 761 827 819 verba
850 759 950 818 dolore
972 759 1069 820 dedite

264 842 290 902 0
312 851 476 918 praestans
498 842 603 916 animi,
626 845 725 921 gentis
747 863 821 921 spes
845 861 962 904 summa
987 845 1145 920 Thuanae,

304 925 340 987 Si
362 946 423 1003 qua
441 928 519 986 Fata
540 928 681 1005 sinant[,]
702 938 733 986 tu
751 947 874 1006 quoque
893 947 1022 1006 magnus
1042 930 1112 990 eris.

264 1010 342 1073 Sunt
361 1013 511 1088 quaedam
530 1012 628 1091 leges,
650 1023 681 1072 et
695 1013 899 1072 ineluctabile
915 1033 1015 1072 rerum

303 1096 437 1170 Foedus,
456 1105 487 1155 et
505 1097 568 1172 ipsi
587 1098 663 1156 adeo
682 1098 749 1156 iura
771 1098 928 1156 tremenda
947 1099 1031 1157 Iovi:

265 1182 351 1258 Quae
373 1182 428 1240 tibi
451 1183 609 1256 crescenti,
629 1183 806 1259 coeptisque
828 1183 1002 1260 ingentibus
1022 1183 1153 1244 obstant.

303 1268 354 1326 Ah
377 1268 523 1340 sinerent,
543 1286 621 1344 quae
642 1268 722 1341 lans,
744 1277 859 1343 quanta
876 1269 994 1328 futurus
1020 1273 1104 1329 erasi

176 1378 177 1387 ι
265 1352 377 1411 Verum
397 1352 547 1429 primitiae
569 1353 665 1412 nostri
688 1372 767 1411 nunc
785 1353 840 1410 illa
860 1353 984 1426 laboris,

176 1434 177 1485 Ϊ
289 1428 346 1495 'Et
367 1455 486 1496 messes
510 1446 675 1514 properant
696 1457 783 1495 urere
806 1457 899 1496 saeva
916 1457 1011 1497 meas.

176 1538 177 1547 ¹
265 1523 386 1581 Interea
404 1523 603 1596 quodcunque
622 1541 691 1580 meo
713 1523 751 1580 de
773 1541 898 1581 munere
919 1531 1024 1596 restat,

304 1608 352 1680 Id,
374 1607 504 1679 iuvenis,
529 1606 613 1665 laudi
634 1608 750 1666 serviat
770 1627 860 1666 omne
882 1616 963 1666 tuae.

227 1753 229 1758 ,
266 1692 384 1769 Ingenii
403 1691 501 1764 dotes,
524 1711 611 1750 mens
631 1693 859 1752 consultissima
881 1711 992 1766 rerum,

305 1779 346 1836 Et
366 1776 533 1854 castigatae
557 1777 604 1838 vie
625 1777 750 1836 rationis
774 1779 840 1851 erit,

267 1861 430 1938 compositi
451 1869 566 1938 gestus,
590 1869 621 1920 et
641 1871 762 1921 torrens
784 1864 871 1940 copia
889 1864 983 1936 fandi,

305 1948 345 2005 Et
368 1947 446 2005 bene
466 1967 521 2023 pro
539 1947 666 2024 trepidis
688 1947 794 2026 lingua
814 1949 928 2008 diserta
946 1949 1018 2007 reis.

267 2031 322 2092 His
342 2039 375 2088 tn
397 2031 560 2107 praesidiis
580 2034 705 2106 quaevis
727 2034 797 2091 fora
819 2041 901 2091 tutus
922 2033 1010 2091 obito.

305 2118 381 2194 lpsa
401 2113 566 2193 patefaciet
587 2115 679 2176 Ouria
701 2136 812 2195 magna
834 2119 929 2188 foree;

266 2201 382 2261 Doctus
404 2203 548 2260 honorato
568 2201 661 2260 Pater
679 2210 713 2269 ut
733 2211 764 2260 te
788 2203 920 2280 gaudeat
941 2200 1025 2274 olim,

305 2289 347 2345 Et
369 2286 450 2345 docti
466 2286 568 2346 Patris
591 2288 726 2347 maxima
744 2294 845 2346 castra
865 2288 975 2345 forum.
1053 2327 1055 2332 ,

268 2370 395 2431 Caetera
413 2372 558 2430 Fatorum
579 2372 697 2430 fuerint-
714 2373 770 2430 tibi
791 2373 857 2430 iure
879 2379 1005 2449 negata:

305 2457 473 2515 Parcarum
493 2457 597 2515 invitis
617 2457 737 2534 legibue
760 2459 821 2516 istc
843 2458 933 2516 feres.

266 2539 335 2600 Non
355 2541 412 2599 tibi
431 2541 548 2616 plebeis
570 2543 697 2600 sordent
717 2542 870 2601 natalibus
891 2550 985 2612 ortus,

307 2626 376 2686 Nec
396 2626 514 2685 levibus
536 2627 631 2686 titulis
656 2635 704 2685 est
725 2635 778 2685 tna
797 2627 874 2684 fulta
896 2627 1011 2685 domus.

176 2735 187 2761 ,·
267 2713 335 2785 Illa,
356 2711 545 2771 Parisiacam
566 2721 706 2789 regerent
728 2713 781 2788 qui
802 2712 920 2789 legibus
943 2712 1059 2782 urbem,

306 2798 481 2872 Purpureos
504 2797 623 2873 peperit
641 2804 764 2873 pectora
788 2797 876 2855 docta
894 2797 1012 2855 Patres.

269 2883 342 2940 Inde
364 2882 570 2959 magistratus,
594 2890 624 2956 et
645 2881 808 2958 splendida
828 2882 960 2953 nomina,
983 2882 1123 2951 honores,

310 2966 459 3042 claraque
481 2969 520 3024 ab
541 2967 701 3024 innumero
723 2966 823 3043 gloria
842 2967 939 3044 fulget
960 2984 1026 3025 avo.

270 3051 416 3128 Quaeque
438 3052 521 3109 venit
541 3052 636 3110 virtus
659 3051 755 3110 multo
776 3053 916 3126 quaesita
938 3052 1050 3122 labore,

309 3138 445 3214 Legibus
464 3136 578 3213 incepit
599 3136 756 3214 sanguinis
781 3155 850 3196 esse
869 3145 928 3194 tua.

270 3222 371 3298 Quare
392 3241 458 3298 age,
480 3222 549 3279 dum
571 3222 671 3279 famae
690 3221 790 3297 plenis
811 3230 901 3298 potes
922 3220 1023 3278 omine
1042 3213 1118 3276 velis

309 3307 430 3385 ingenii
447 3322 577 3385 magnos
600 3306 783 3382 explicuisse
805 3307 907 3364 sinus:

269 3392 295 3465 1,
312 3392 444 3464 iuvenis,
465 3392 519 3450 tibi
541 3401 684 3469 provecto
705 3391 764 3448 iam
785 3390 884 3448 laudis
906 3391 938 3446 in
957 3387 1051 3444 altum

311 3477 475 3553 Temperet
495 3485 528 3534 ut
549 3495 655 3535 cursus
677 3495 750 3534 aura
772 3474 906 3533 secunda
922 3480 1007 3530 tuos:

272 3561 374 3637 Teque
397 3562 470 3620 olim
491 3562 582 3639 patrii
604 3562 729 3620 miretur
748 3567 782 3617 ut
804 3559 876 3617 ordo
902 3555 1007 3617 Senati

311 3645 465 3706 Celtarum
485 3666 596 3724 magno
613 3665 730 3723 ponere
751 3645 819 3702 iura
841 3645 916 3702 foro.

960 3755 979 3812 5
