3059 4492
719 480 868 580 οε,

337 649 387 710 39.
438 654 478 710 In
502 651 676 711 Ιιεπίαοκιιικ
705 655 922 730 compilatores,
950 655 1119 729 inscriptum
1144 655 1254 714 Ιιατίοο

500 737 627 796 Arabico
653 757 672 795 a
693 756 724 796 ια
746 739 872 810 collecto,
895 741 926 796 ιἰι
949 740 1084 796 Batavis.

337 817 372 880 Si
393 832 483 894 quem
504 821 586 882 dura¹
599 830 702 880 manet
724 823 876 882 sententia
898 823 1006 881 iudicis
1027 823 1111 895 olim,

379 902 564 964 Damnatum
586 908 739 967 aerumnis
755 907 979 984 ‚suppliciisque
1002 916 1105 984 caput:

336 988 426 1048 Hunc
447 1009 545 1065 neque
563 991 665 1051 fabrili
686 992 804 1052 lassent
825 994 979 1070 ergastula
996 1011 1110 1066 massa,

377 1073 445 1132 Nec
464 1075 580 1153 rigidas
601 1086 715 1136 vexent
735 1079 820 1156 fossa
842 1079 967 1137 metalla
988 1097 1105 1138 manus.

334 1159 455 1217 Lexica
477 1169 630 1235 contexat,
652 1182 723 1220 nam
745 1171 865 1220 caetera
886 1164 958 1238 quid
980 1163 1102 1222 moror?
1125 1179 1231 1220 omnen

378 1244 553 1304 Poenarum
573 1247 669 1307 facies
691 1249 740 1306 hic
761 1248 851 1306 labor
870 1267 947 1308 unus
969 1249 1069 1306 habet.

389 1415 438 1473 40.
480 1416 531 1474 Εα
553 1415 716 1489 Salomone,
740 1417 962 1475 Proverbiorum
985 1435 1050 1492 οαρ.
1074 1416 1203 1474 XXXI.

336 1492 389 1564 Τίς
407 1496 474 1558 ποτ’
500 1497 720 1580 ἀριστεύουσαν
743 1498 776 1559 ἐν
795 1498 938 1580 ἀνδράσιν
962 1495 1034 1581 εὗρε
1052 1501 1197 1579 γυναῖκας

334 1582 355 1663 η
379 1581 414 1643 δὲ
436 1582 545 1664 χλιδῆς
565 1584 666 1663 πάσης
688 1582 828 1650 ἀντάξιος
848 1581 1081 1665 ἀντερύσασθαι.

336 1665 371 1727 ἐν
393 1665 506 1749 ταύτης
523 1665 579 1750 γὰρ
602 1668 691 1750 χερσὶ
715 1667 804 1750 φιλον
827 1665 902 1750 κέαρ
926 1668 1037 1750 ἀνδρὸς
1060 1668 1125 1729 ἑοῖο

339 1747 474 1826 ἔλπεται,
500 1749 665 1813 εὐκτεάνου
687 1751 721 1812 δὲ
743 1750 908 1834 ἀτέμβεται
929 1750 1041 1813 οὔποτε
1060 1751 1153 1834 λείης.

335 1833 391 1896 καί
412 1834 427 1895 ἑ
450 1834 525 1917 γυνὴ
550 1834 738 1918 πρόφρασσα
762 1835 1010 1918 φιλοφροσύνησι
1034 1833 1117 1898 νόοιο

339 1917 375 1980 οὐ
397 1919 492 1981 κακδν
518 1919 586 1980 ἀλλ’
611 1918 721 1981 ἐσθλόν
743 1943 771 1981 τι
791 1921 950 2005 ἀμείβεται
974 1918 1079 2002 ἤματα
1099 1922 1210 1984 πάντα.

333 2003 354 2086 ἥ
376 2023 409 2063 τε
433 2002 644 2109 μετερχομένη
667 2007 727 2064 τῶν
752 2005 783 2066 ἐν
809 2005 915 2088 φρεσὶν
935 2001 989 2088 ᾗσι
1012 2011 1147 2089 μενοινᾷ,

334 2087 354 2170 ἢ
378 2086 471 2162 λίνον,
494 2088 513 2170 ἦ
538 2110 618 2171 εριον
646 2088 817 2171 φιλερίθοις
840 2090 929 2172 χερσὶ
951 2089 1086 2152 πονεόει.

337 2169 448 2252 τηλόθι
473 2172 502 2233 δ’
528 2173 557 2233 οἱ
579 2171 693 2257 βιότοιο
715 2174 874 2256 πορίζεται
892 2172 946 2256 ἤϊα
969 2175 1077 2252 πάντα,

338 2255 454 2322 οἷάτις
477 2256 659 2339 ἐμπεράμου
683 2256 884 2341 φιλοκερδέος
905 2259 1029 2340 ὠκυάλη
1053 2261 1135 2341 νηῦς.

322 2338 466 2421 ,καὶγὰρ
492 2339 687 2424 ἐρημολεχὴς
710 2343 814 2424 κοίτης
834 2341 989 2426 ἄγχαυρον
1014 2341 1124 2425 ἀνέστη

336 2422 472 2508 ἐννυχίη,
496 2424 630 2492 ἀταλοδς
654 2425 830 2506 μενοεικέος
853 2427 936 2509 ὅφρα
957 2426 1090 2509 κορέσση

335 2505 421 2575 υἱέας
445 2507 608 2591 ἁρμαλιῆς,
631 2510 682 2570 καὶ
705 2509 844 2591 δμωίδας
867 2509 953 2573 ἔνδον
978 2511 1110 2595 ἐρίθους.

333 2593 385 2654 καὶ
405 2593 471 2653 τινά
492 2615 551 2654 που
572 2599 715 2675 πυκινησι
734 2595 939 2676 προμηθείαις
964 2594 1090 2678 ὁρόωσα

538 2676 547 2698 Ι

334 2698 430 2822 {1⁹32
447 2697 824 2844 ,ῗθίρβθὲοέίᾝίῗίὲ
840 2679 1173 2848 τῖρθέἷῖιίῖἱθρχπ.

333 2843 519 2907 θειλόπεδον
543 2845 685 2928 ἐριθηλὲς
709 2847 773 2914 ἑοῖς
794 2847 952 2931 κομέουσα
975 2847 1122 2912 πόνοισιν.

334 2929 370 2991 ἀν
396 2929 431 2990 δέ
455 2929 510 3011 μὲν
535 2929 666 3013 δτραλέη
693 2930 830 3001 ἐζώσατο
855 2932 1000 2995 εόστυλον
1025 2932 1132 3017 ὀσφύν.
1177 2989 1179 2994 .

335 3013 370 3075 ἀν
395 3013 430 3076 δὲ
453 3011 539 3098 πόνῳ
563 3014 692 3096 κάρτυνε
716 3017 867 3100 βραχίονα
888 3015 1151 3102 καρτερόμοχθυν,

334 3097 404 3161 οὐδ’
426 3097 463 3182 ἧς
487 3097 635 3205 ἐμπορίης
657 3101 794 3182 χρηστὴν
820 3100 1026 3185 ἐπιμέμφεται
1049 3102 1149 3168 αἶσαν.

334 3182 544 3267 ἀμφοτέρῃσιν
568 3191 704 3266 εμαρφεν
730 3184 896 3267 ἀτρακτίδα
917 3185 941 3247 τ’
962 3188 1118 3270 ἠλακάτην
1141 3211 1186 3264 τε,

332 3268 490 3351 ἠλακάτην
512 3270 597 3352 λαιῇ,
620 3270 671 3329 καὶ
692 3267 856 3352 ἀτρακτίδα
882 3271 1066 3356 δεξιτερῆφι.

334 3350 503 3433 λιμαλέοις,
524 3356 681 3436 πενιχροῖς
701 3375 735 3414 τε
758 3353 902 3438 ὑπείρεχε
923 3360 1015 3439 χεῖρα
1041 3355 1169 3440 βοηθὸν,

333 3434 493 3515 λιμαλέοις
518 3435 695 3520 θρέπτειρα,
717 3444 875 3522 πενιχροῖς
897 3439 1108 3525 δλβοδότειρα.

332 3519 432 3581 πάντα
454 3521 483 3582 οἱ
506 3519 537 3581 ἐν
561 3523 708 3604 μεγάροις
728 3522 882 3590 εὐτόκτοις
901 3525 995 3606 νήπια
1019 3523 1109 3586 τέκνα

335 3602 403 3666 οὔτ’
424 3602 532 3666 ὄθεται
554 3605 669 3689 βορέαο
695 3605 838 3682 δυσαέος,
862 3607 933 3686 οὔτε
956 3605 1075 3691 ἀτόχθη

334 3687 534 3774 ψυχροβόλου
558 3691 687 3771 νιφάδος
706 3692 795 3774 ῥιπῆς
817 3690 1034 3774 δυσπέμφελον
1057 3691 1152 3776 ἦμαρ.
