3059 4492
653 478 803 574 39]-

272 645 423 709 Sacrificis
447 647 531 706 adsis
552 667 570 704 ο
593 666 669 724 pura
691 656 792 708 mente
811 649 969 723 ministris,

271 737 419 793 Avertens
440 731 617 824 illegitimae
638 733 828 825 cuppedinis!
841 743 954 796 aestus.

271 901 1187 979 MortaramCarmentamaeaParcaramsajfimen,aremcta.58

270 990 389 1048 Martae
411 987 560 1059 infinitae,
582 986 730 1063 nigrantis
758 984 851 1046 nocti'
872 1007 1033 1066 propagas,

270 1073 335 1132 Vos
357 1090 499 1148 precoro
524 1071 673 1144 celebres,
695 1091 773 1148 quae
797 1073 1008 1132 subcoeleste
1029 1074 1141 1150 palude

272 1158 341 1235 Qua
361 1175 454 1216 canus
478 1155 579 1230 liquor
597 1156 728 1214 induferi
748 1157 786 1214 de
808 1158 893 1230 fonte
913 1157 1026 1216 lavacri

270 1243 398 1302 Labitur
418 1241 534 1299 aeterni
555 1241 677 1318 specnis
700 1242 755 1300 sub
776 1245 894 1317 pumice
917 1258 1041 1319 opaco,¹

272 1326 361 1388 (lives
383 1326 566 1404 pervolgatis
590 1326 712 1384 alumna
734 1327 900 1385 animantia
923 1336 1033 1401 terrae,

270 1413 346 1471 Inde
367 1412 426 1469 loci
445 1411 483 1468 ad
504 1420 664 1484 ventosum
683 1411 836 1470 hominum
857 1411 984 1486 seclum,
999 1413 1078 1484 leve,
1092 1413 1184 1472 hians

269 1493 406 1575 Pergiti',
430 1496 585 1556 carbaseis
608 1497 765 1556 obstantes
787 1497 903 1556 lumina
924 1498 1013 1572 velis,
1087 1499 1186 1574 [epea

270 1582 370 1642 Fatali
387 1582 419 1639 in
441 1599 561 1656 campo,
581 1590 614 1639 ut
632 1582 720 1660 bigas
744 1582 822 1641 levis
844 1583 998 1660 aurigatur

272 1666 377 1728 Gloria
398 1665 532 1725 iustitiae
552 1666 590 1723 ad
612 1675 720 1740 metas,
745 1668 873 1744 speique
894 1676 924 1726 et
946 1687 1095 1742 curarum,

271 1753 311 1812 Et
328 1752 428 1829 legem
452 1751 545 1823 casei,
565 1753 678 1829 magni,
699 1749 855 1810 laudabili'
874 1754 972 1830 regni.

273 1838 404 1896 Tantum
428 1837 526 1894 Morta
546 1845 594 1896 est
616 1837 690 1897 vitai
711 1837 822 1913 prima,
844 1838 926 1894 haud
948 1839 1006 1896 alis
1027 1838 1108 1910 ullus

271 1921 385 1982 Divtm
407 1922 459 1996 qni
475 1921 605 1998 pedibus
626 1921 751 1999 polaant
771 1922 934 1981 coenacula
959 1922 1045 1995 coeli,

271 2008 311 2066 Et
320 2007 398 2067 Iovi’
412 2007 556 2065 cortumio
570 2016 625 2066 est.
649 2007 760 2065 etenim
771 2025 849 2082 quae
861 2016 968 2065 cuncta
979 2013 1103 2065 manent
1114 2023 1185 2079 nos,

273 2093 404 2151 Tantum
426 2093 533 2164 Morta,
556 2093 702 2168 Iovisque
724 2092 840 2150 aeterni
862 2092 990 2150 daedala
1009 2110 1095 2150 mens
1118 2090 1185 2150 scit.

271 2176 460 2249 Nocturnae,
478 2177 641 2237 mitissima
662 2185 796 2254 pectora,
818 2177 941 2235 numina
958 2178 1067 2250 amica,

271 2265 459 2340 Atropeque,
478 2263 657 2336 etLachesi,
673 2270 703 2320 et
716 2261 853 2335 Olotona,
874 2283 892 2321 ο
911 2264 1058 2338 patrimae
1068 2261 1186 2335 adeste,

270 2348 392 2420 Aeriae,
415 2347 544 2421 invisae,
564 2349 698 2420 tetricae,
719 2347 900 2422 irrequietae
918 2346 1033 2406 Divae:

272 2433 385 2494 Omnia
404 2433 475 2489 item
497 2434 668 2492 mortalibu’
690 2451 768 2507 qnae
787 2432 878 2506 datis,
901 2433 1005 2491 omnia
1024 2432 1121 2497 fertis.

272 2520 300 2579 Ο
321 2537 399 2590 mea,
419 2517 546 2591 Martae,
566 2518 666 2576 audite
689 2516 829 2575 lubenter
848 2517 911 2575 liba
933 2534 1112 2594 precesque,

272 2602 388 2662 Nubila
408 2609 562 2678 tergentes
584 2598 771 2663 mordacibu’
794 2610 921 2679 pectora
943 2603 1034 2661 curis.

318 2778 490 2838 Gratiarum
509 2794 559 2833 eea
584 2772 772 2831 Veaaatatara
793 2773 934 2848 suffimen,
955 2782 1106 2832 ataracem.
1146 2767 1187 2828 59

272 2864 389 2924 adsitis
411 2862 547 2920 celebres
572 2858 706 2918 illustres
731 2857 866 2930 Gratiae,
886 2859 1034 2930 honorae,

271 2948 441 3027 Progenies
469 2946 553 3005 Iovis
575 2944 666 3016 alma,
687 2943 881 3018 Paludaeque
900 2942 1035 3021 Egeriai,

268 3035 403 3101 Maiesta
426 3040 456 3091 et
477 3030 581 3102 Flora,
605 3038 635 3087 et
654 3028 769 3100 Vitula,
793 3029 1011 3105 augustissima
1032 3026 1130 3102 virgo,

270 3120 423 3180 Laetitiae
447 3125 571 3188 matres,
592 3113 724 3190 lepidae,
744 3131 850 3189 purae,
873 3113 1048 3183 vitulantes,

271 3194 452 3275 Volturnae,
475 3221 595 3277 semper
613 3197 737 3270 virides,
760 3193 932 3256 mortalibn’
952 3204 1069 3274 gratae,

272 3291 392 3349 Votitae
415 3307 537 3367 puerae,
563 3286 757 3356 Vortumnae,
781 3282 910 3355 coesiae,
935 3300 1090 3352 amoenae,

272 3376 427 3435 Assiduae
449 3379 569 3432 ventate
591 3369 726 3428 volentes
749 3368 851 3426 fausta
871 3365 1019 3426 Camillis.

273 3547 370 3604 Dicae
384 3545 515 3602 Nemesis
534 3539 731 3600 Graecanicae
749 3540 872 3616 (Latine
887 3536 1101 3608 Verticordiae)
1146 3532 1188 3592 60

668 3644 791 3683 carruca.

274 3714 320 3774 Te
341 3731 416 3774 voco
436 3719 465 3768 te
485 3708 629 3770 Nemesis
650 3709 763 3794 victrix,
778 3708 858 3781 Dea,
879 3725 990 3785 magna
1014 3701 1156 3776 Camilla,
