3059 4492
638 449 789 542 jn

279 617 327 676 12.
371 616 423 674 Aa
443 617 611 685 Batavum,
633 617 714 674 Pras
731 618 854 676 Motae·
873 622 984 679 nomine
1006 620 1148 700 Scaliger.

254 702 363 763 Ocelle
383 701 487 778 magni
510 701 609 778 Belgii
631 701 769 775 Bataua,

254 789 354 864 Quam
380 807 441 845 non
462 785 576 844 referre
598 786 727 862 gratiam
748 805 878 863 possum
901 788 966 861 tibi,

253 874 330 932 Tuis
353 871 496 930 volebam
518 870 659 931 laudibus
681 871 857 946 rependere,

254 960 398 1036 Ingratus
418 975 488 1014 esse
510 975 549 1013 ne
568 956 688 1014 viderer
710 956 851 1015 saeculis.

253 1043 336 1102 Nam
358 1042 408 1099 cui
427 1040 524 1099 modis
545 1040 589 1100 sis
613 1041 766 1118 obligatus
786 1041 935 1118 plurimis,

253 1126 411 1186 Illiberale
437 1133 484 1184 est
505 1146 564 1186 nou
584 1127 700 1184 referre
713 1127 857 1204 gratam.

254 1214 376 1272 Maiora
397 1229 502 1268 rursus
528 1212 637 1268 merita
657 1211 772 1270 cunctis
794 1211 934 1271 laudibus

253 1299 403 1357 Detercre
425 1313 518 1372 parco
540 1297 683 1369 carmine,
713 1297 888 1373 arrogantia
911 1304 965 1356 cst.

253 1384 383 1457 Utrique
403 1388 522 1438 cautum
543 1390 594 1440 sat
613 1380 660 1438 rei
680 1382 780 1441 visum
802 1390 849 1440 est
866 1381 950 1455 mihi,

167 1530 168 1543 ¹
255 1467 367 1528 Grates
393 1467 520 1524 referret
543 1466 569 1524 si
594 1466 693 1523 meam
715 1466 810 1526 vicem
830 1466 885 1524 tibi

166 1603 168 1621 2
254 1552 406 1612 Laudatis
429 1551 500 1622 ista,
519 1570 585 1608 cum
608 1551 725 1626 pudore
744 1552 907 1629 plurimum

254 1639 383 1697 Habens
408 1635 533 1708 amoris,
556 1637 750 1712 arrogantiae
772 1636 856 1695 nihil.

259 1810 305 1866 13.
347 1808 388 1863 In
402 1805 552 1862 Lambere·
570 1805 813 1864 Vender-burcbc'i
827 1805 988 1864 Historiam
1002 1811 1171 1882 gentilitiam

547 1890 663 1947 Ducam
686 1889 866 1948 Sabaada'oa

255 1978 337 2036 Dum
365 1973 488 2050 generis
511 1974 621 2032 seriem
644 1974 696 2032 dat
716 1974 996 2034 vandesburchius
1014 1978 1089 2050 orbi,

227 2053 232 2062 ’
296 2064 400 2134 Atque
419 2056 630 2118 Sabandorum
652 2059 742 2117 fortia
760 2061 842 2118 facta
862 2059 995 2119 Ducumr

256 2143 549 2206 Historico‘Herois
574 2164 593 2201 a
614 2145 766 2217 manibus,
786 2145 916 2220 ambigo,
939 2145 988 2202 vel
1009 2146 1077 2206 laus

296 2230 440 2288 Manibus
463 2228 577 2288 Herois
602 2230 700 2288 maior
722 2231 760 2287 ab
784 2229 954 2287 Historico.

257 2315 395 2392 Quodsi
419 2333 481 2372 non
504 2333 575 2386 una,
601 2315 627 2372 si
650 2335 709 2372 non
729 2315 865 2390 aequalis
887 2316 925 2373 ab
950 2318 1044 2390 omni,

297 2400 360 2462 Sed
382 2400 449 2456 laus
472 2398 588 2456 laudati
612 2401 711 2458 maior
730 2402 769 2458 ab
792 2419 843 2458 orc
865 2399 922 2458 viri
944 2409 1014 2474 este,

256 2485 289 2548 Si
310 2486 409 2543 mains
433 2503 542 2542 nomen
563 2483 723 2560 Smyrnaei
742 2504 831 2544 musa
852 2485 979 2557 Poetae,

259 2562 262 2581 '
297 2569 396 2643 Quam
414 2577 467 2626 tua
487 2569 630 2629 nobilitas
653 2570 736 2643 fecit,
753 2570 883 2642 Achille,
907 2570 977 2628 tibi:

258 2655 394 2716 Gaudete
413 2655 446 2711 in
465 2655 583 2712 caelum
604 2656 727 2731 propria
745 2657 854 2714 virtute
875 2658 990 2732 recepti

295 2742 336 2799 Et
355 2758 467 2818 genere
486 2747 517 2796 et
537 2741 632 2817 gestis
652 2740 758 2798 inclita
776 2742 865 2798 turba
885 2740 1000 2815 Duces,

258 2822 350 2899 Queis
373 2844 515 2901 magnum
540 2824 661 2905 generis
684 2826 776 2884 decus
804 2834 851 2884 est
874 2844 893 2882 a
916 2827 1011 2903 stirpe
1027 2827 1150 2899 vetusti,

297 2910 398 2968 Maius
419 2911 457 2966 ab
480 2909 629 2968 Historiei
651 2910 812 2969 nobilitate
833 2911 890 2969 sui.

352 3081 400 3137 ll.
434 3082 473 3136 Ia
494 3079 625 3136 Annales
644 3080 836 3138 Hollondc'cos
859 3082 930 3138 Iani
950 3081 1079 3140 Dousue.

259 3161 334 3223 Sunt
356 3164 465 3238 quibus
487 3172 626 3222 aeternos
645 3165 765 3240 peperit
782 3164 828 3222 vis
848 3166 957 3231 mentis
980 3166 1119 3237 honores,

299 3249 426 3310 Traiani
446 3248 545 3306 medio
571 3267 661 3322 quum
683 3249 800 3306 nituere
821 3250 899 3308 foro.
965 3265 967 3276 ’

258 3334 399 3391 Praemia
416 3353 527 3410 magua
548 3333 680 3407 quidem,
702 3335 810 3392 merito
834 3334 890 3393 sed
904 3333 1051 3408 simplice,
1065 3341 1095 3390 et
1109 3353 1171 3392 uno

299 3419 359 3477 Hie
382 3419 468 3476 titulo
490 3418 652 3491 Historici,
676 3418 763 3476 Vatis
787 3419 888 3476 atille
911 3419 1005 3479 tulit..

259 3500 319 3565 Sed
344 3505 417 3580 qnia
437 3503 612 3562 Dousiades
629 3502 805 3567 ,Annalibus
827 3510 912 3563 eruta
931 3504 1041 3580 priscis

298 3590 472 3666 Imparibus
493 3588 603 3646 cecinit
620 3598 708 3665 gesta
727 3589 844 3646 Batava
862 3589 969 3662 modis,
982 3638 991 3648 ,A

259 3674 297 3732 Et
317 3693 398 3734 nunc
416 3674 469 3732 ille
495 3673 601 3731 eadem
628 3675 739 3733 saeclis
762 3673 901 3732 miranda
923 3673 1032 3734 futuris
