3059 4492
637 495 789 590 —3-03—

168 715 169 742 3
253 659 426 737 Statimque
449 660 557 739 volgus
577 664 668 724 armis

254 747 356 807 Omne
377 744 548 808 confodient
569 766 628 806 me.

253 831 328 890 Teo.
373 829 442 889 Vah
462 831 591 891 misera:
614 834 692 894 tales
714 853 889 896 maxumum
910 855 1000 897 vocer
1023 839 1119 898 virum
1169 841 1221 897 410

252 917 382 988 Ridere,
405 934 483 992 quae
505 934 563 975 neo
583 937 677 978 aneue
701 928 784 980 esset
806 922 956 980 antehac?

303 1070 305 1076 Α
535 1001 564 1061 4.
587 1003 782 1082 Antittropha
799 1005 889 1065 XVI.

253 1086 303 1144 Αἰ.
347 1083 448 1144 Fluvii
468 1086 609 1160 mariflui‚
629 1097 659 1146 et
680 1091 832 1150 maritima
851 1100 949 1164 antra,

252 1171 294 1230 Et
313 1169 466 1228 littoream
487 1172 547 1230 hoc
566 1191 683 1246 nemus,

252 1255 318 1314 Diu
337 1255 390 1312 diu
412 1272 460 1311 me
480 1256 551 1332 plue
575 1258 651 1318 eatis

253 1339 383 1399 Tenetis
406 1346 476 1398 ante
496 1340 630 1401 Troiam.

252 1425 378 1486 Atenim
397 1425 477 1483 haud
498 1426 612 1487 lumine
634 1445 712 1486 com-

253 1518 376 1588 -potem
399 1509 529 1586 amplius
550 1511 662 1571 licebit.

254 1594 389 1656 Credere
409 1595 468 1653 hoo
489 1605 580 1673 neget
599 1617 700 1656 nemo.

254 1681 284 1742 Ο
306 1678 504 1753 Scamander,
527 1682 578 1755 qui
600 1681 759 1760 proximus
782 1681 851 1740 fluia

252 1765 429 1825 Benevolue
451 1765 591 1843 Argivis:

252 1850 330 1910 Non'
352 1850 486 1910 tueberis

252 1935 398 2013 Amplius
417 1935 514 1997 virum
536 1938 615 1996 huno

254 2021 384 2097 (Dicere
406 2039 469 2080 non
490 2023 633 2098 verebor)
657 2041 710 2082 ex·

254 2107 370 2178 -erciti,
395 2107 539 2180 omnium,

254 2192 341 2267 Quos
367 2190 462 2250 Troia
482 2193 567 2265 vidit,
591 2200 744 2268 optumum
831 2193 836 2200 “

255 2275 456 2337 Graecanici:
480 2285 512 2334 at
531 2278 598 2337 sine
619 2277 681 2334 ullo

253 2361 348 2422 Nunc
369 2361 486 2420 honore
505 2363 665 2422 iacentem.
764 2387 768 2394 ⁸

256 2446 312 2507 ch.
357 2444 425 2504 Nec
446 2448 677 2525 comprimendi,
697 2464 754 2506 nec
776 2444 950 2503 remittendi
970 2448 1024 2519 tui,

253 2532 362 2592 Ullum
384 2532 503 2593 modum
524 2533 635 2592 habeo:
659 2539 745 2592 tanta
764 2538 794 2588 te
815 2530 992 2590 incumbunt
1010 2531 1101 2590 mala.

256 2618 306 2676 Ai.
351 2617 402 2690 Αἰ,
424 2617 464 2690 ai,
488 2619 556 2693 quia
578 2636 710 2692 unquam
731 2623 775 2674 tot
795 2634 895 2673 meum
916 2619 1095 2695 cognomine

254 2703 336 2762 Meis
361 2709 500 2778 putasset
522 2703 682 2774 concinere
704 2720 813 2760 nomen
831 2700 944 2760 malis?

254 2788 308 2859 Αἱ,
330 2786 360 2844 ai
378 2786 450 2845 licet
471 2807 551 2847 nunc
572 2787 715 2865 proloqui
736 2787 795 2859 bis,
818 2794 865 2844 ter
886 2787 970 2845 mihi.

254 2872 340 2932 Nam
364 2891 412 2930 me
435 2873 580 2932 malorum
599 2881 685 2932 tanta
707 2873 872 2931 circunstat
891 2874 1008 2932 cohors.

255 2957 354 3018 ouius
372 2964 460 3034 pater
480 2978 621 3018 reversus
646 2960 683 3016 ab
708 2957 822 3016 Troiae
842 2958 898 3014 hoc
921 2957 989 3017 solo

254 3044 394 3103 Domum
412 3045 522 3103 redivit
543 3051 659 3104 mactus
682 3043 766 3103 omni
788 3042 910 3100 adorea.
941 3100 943 3103 .

253 3129 326 3206 Ego
352 3137 453 3187 autem
475 3130 582 3188 eodem
603 3137 705 3202 natus,
722 3127 761 3186 ad
782 3127 912 3185 eundem
933 3128 1032 3186 locum

253 3212 433 3288 Profectus,
453 3215 563 3274 iisdem
584 3215 699 3274 viribus
722 3233 787 3271 non
807 3212 959 3290 indigene,

254 3297 319 3371 Qui
341 3318 399 3368 nec
419 3300 534 3358 minora
556 3308 646 3377 patre
667 3297 789 3376 patravi
808 3316 910 3370 manu,

254 3383 331 3442 Heu
351 3403 445 3460 pereo
467 3385 506 3443 ad
528 3386 620 3445 iatum
640 3386 804 3443 inhonorus
822 3383 943 3460 Argivis
966 3383 1098 3442 modum.

255 3467 323 3530 Sed
344 3470 405 3528 hoc
424 3470 486 3530 scio
508 3470 758 3529 handobnoxie:
785 3467 813 3528 ei
834 3468 872 3526 de
894 3469 959 3527 auia
1047 3485 1052 3492 ·

254 3554 378 3614 Vivens
402 3555 540 3616 Achilles
565 3564 670 3633 captus
691 3555 784 3614 armis
805 3554 919 3611 arbiter

253 3639 447 3699 Palmarium
464 3642 583 3702 virtutis
604 3641 697 3700 alicui
719 3639 883 3711 addiceret,

253 3723 361 3785 Nemo
381 3727 561 3787 abstulisset
583 3727 638 3786 illa
655 3735 726 3785 tunc
747 3743 846 3784 meam
865 3725 970 3784 vicem.
