3059 4492
636 475 787 570 ..Q

244 640 315 706 Ὧν.
329 640 407 724 κέαρ
428 643 520 725 πηλῷ
540 638 694 715 σέσακται,
718 641 769 703 καὶ
792 641 979 726 δυοεκνίπτιρ
998 644 1092 727 τρυγί.

244 725 288 790 Ὦ
304 725 395 794 πόλις
407 724 506 801 πόλις,
529 724 668 809 εὐτυχεῖς
682 747 716 806 γε
732 725 859 808 μᾶλλον,
879 725 900 808 ἢ
913 728 1017 796 καλῶς
1032 731 1164 812 φρονεῖς.

243 809 389 894 Ὦ[ι]περ
414 809 471 873 οῦκ
497 807 649 893 ἐχρήσατ’
670 807 705 871 άν
726 831 769 877 τις
791 807 863 872 οὐδ’
887 809 919 878 ἐς
938 809 1099 894 δΕυθύμια.

249 894 307 964 Ὣς
326 893 393 958 άνω
414 895 468 977 τὴν
492 894 653 976 μασχάλην
677 891 813 977 α’ίρωμεν
839 892 1064 976 ἐμπεπωκότες.

250 977 307 1047 Ὡς
329 978 392 1061 ἐγὼ
413 980 538 1050 πολλῶν
562 977 701 1064 ἀκούσας
723 977 794 1040 οίδα
816 978 866 1040 τδν
890 977 991 1062 ψόφον
1018 979 1124 1064 θρίων.

246 1059 367 1147 Ὥσπερ
393 1063 424 1125 αἱ
446 1065 583 1143 ποῖμναι,
603 1060 699 1130 ξένοις
719 1061 816 1145 θύραν
841 1059 907 1146 ἔχει
924 1063 1133 1148 τετριμμένην.

246 1143 342 1210 Ὥστε
366 1147 421 1210 καί
441 1169 476 1209 σε
495 1144 548 1214 τὰς
566 1147 708 1230 χελώνας
728 1152 886 1230 μακαριεῖν
908 1151 962 1210 τοῦ
984 1148 1037 1233 δέρ
1064 1171 1145 1218 ατος.

250 1231 380 1316 Ἀγρίου
404 1231 573 1316 βέβρωκας.
590 1228 712 1312 Ἀγαθὰ
733 1231 833 1293 πάντα
854 1227 1007 1295 Κιλλικιλιν
1029 1256 1102 1318 εφη.

248 1317 365 1399 Ἀγρὸς
383 1317 404 1398 ἡ
427 1314 525 1382 πόλις.
548 1313 643 1383 Πόλις
666 1316 701 1378 δὲ
723 1311 844 1384 Κέσκος
866 1316 922 1378 οῦκ
944 1315 1062 1401 ἔχουσα
1083 1322 1164 1381 νοῦν.

251 1399 356 1465 ,Αλλδι
379 1401 420 1483 μὴ
441 1400 524 1482 ὥρας
546 1399 655 1462 ἵκοιτο.
674 1397 726 1482 Μὴ
751 1398 863 1482 λόγους
886 1401 952 1463 ἀντ’
975 1403 1123 1486 ἀλφίτων.

246 1485 349 1549 Ἀλλο
374 1484 429 1567 μὲν
451 1484 600 1547 ποίκιλλε.
623 1481 695 1552 Τοῖς
717 1488 850 1568 νεκροῖσι
874 1489 1088 1592 συγχρωτίζεο.

250 1567 466 1653 Ἀ[ν]δριάντα
486 1569 687 1651 γαργαλίζεις.
709 1566 879 1651 Πηνικίζειν
903 1592 956 1652 μοι
976 1573 1085 1640 δοκεῖς.

249 1656 338 1718 Ἀντί
361 1652 467 1736 Δήλου
485 1653 539 1734 τἠν
560 1650 750 1736 Καλαυρίαν.
770 1649 928 1736 Ὀρίγανον
954 1655 1069 1740 βλέπει.

249 1737 343 1808 Ἀξία
364 1742 419 1800 τοῦ
429 1739 604 1884 ιβριίιματος
624 1737 717 1800 κύων.
740 1735 842 1821 Θύρας
865 1739 1042 1824 ἁμαρτάνει.

248 1821 407 1906 Ἀρπαγαὶ
460 1823 630 1884 οτυττίοιοι.
653 1818 715 1904 Τής
738 1820 933 1905 Παλαιτόρου
958 1827 1047 1888 κακά.

248 1907 392 1974 >Αττικδς
410 1906 568 1988 πάροικος.
585 1903 729 1990 Ἄοτροις
746 1907 799 1988 τὴν
826 1907 897 1970 ὁδὸν
919 1910 1131 1993 τεκμαίρομεν.

249 1992 354 2057 Αύτδν
376 1989 412 2052 οῦ
436 1989 557 2072 τρέφων
572 1990 665 2058 κύνας
679 1989 810 2074 τρέφεις.
831 1988 855 2052 Γ
858 1989 938 2058 έλως
957 1993 1163 2077 συγκρούσιος.

246 2076 345 2160 Ἀχρι
363 2075 498 2160 χείλους.
510 2071 681 2158 Κυζικηνὸν
704 2075 821 2158 βάμμα.
844 2072 981 2180 Μνήμων
1000 2078 1163 2162 συμπότης.

161 2229 162 2232 ¹
250 2158 461 2242 Βατταρίζειν.
483 2155 611 2221 Μᾶλλον
634 2160 653 2242 ή
677 2160 711 2232 τδ
735 2163 831 2242 γήρας
851 2158 950 2235 έκδυς,
971 2161 1097 2244 ἥδομαι.

161 2277 162 2310 ι
251 2241 493 2328 Βιβλιαίγισθος.
513 2243 614 2306 Λάλον
641 2244 668 2306 τὶ
687 2245 739 2306 καὶ
757 2243 941 2327 πυριρραγὲς
965 2250 1085 2329 ψοφεῖς.

161 2319 163 2332 ’
252 2328 382 2392 Γλαῦκα
400 2327 621 2411 Λαοριωτικήν.
643 2326 667 2390 Γ
670 2333 789 2394 ενναῖος
811 2327 845 2390 ἐκ
865 2330 1060 2413 βαλλαντίου.

252 2412 394 2480 Γλαῦκος
416 2411 511 2480 άλλος
534 2411 736 2498 ίππόβρωτος.
760 2409 815 2480 Εἷς
835 2413 919 2489 θεὸς,
938 2416 1049 2477 πολλοὶ
1071 2418 1164 2501 φιλοι.

252 2495 276 2559 Γ
278 2497 519 2580 λωσσογάστωρ.
545 2493 590 2559 Ού
610 2521 637 2560 τι
658 2498 773 2582 ῥαδίως
796 2497 945 2580 ἀληθεύει
963 2495 1060 2570 Κιλιξ.

252 2580 356 2666 Γραῦς
379 2580 514 2666 χορεύει.
535 2581 638 2667 Λυδίιρ
660 2557 755 2666 νόμῳ.
777 2579 891 2646 Κακῶν
911 2585 1085 2668 πανήγυρις.

253 2664 375 2749 Γυμνδς
397 2669 440 2733 ὥς
461 2665 495 2728 ἐκ
515 2667 628 2748 μητρὸς
651 2665 688 2728 εἷ.
704 2666 820 2730 Ἄκουε
839 2667 917 2731 τοίπδ
941 2669 1077 2752 καρδίας.

252 2749 410 2814 Δαιδάλου
436 2751 583 2834 μάχαιρα.
606 2749 773 2814 Νουθετιῦν
797 2749 848 2834 ἐρ’
872 2752 963 2820 αὐτὸς
983 2754 1115 2818 αἰπόλει.

252 2833 388 2918 Δακρύει
411 2833 581 2918 Μεγαρεύς.
605 2835 786 2903 Λακωνικὰς
810 2837 941 2920 σελήνας
958 2860 1012 2920 μοι
1031 2839 1138 2923 λέγεις.

252 2913 306 2988 Είς
324 2918 493 3003 Ἀιράννας.
513 2918 621 3004 Ἀγρία
642 2919 777 3003 μέλιττα.
803 2919 966 3005 Θησαορδς
986 2923 1099 2987 κακῶν.

250 2999 393 3087 Ἐμπολὴ
423 3003 583 3069 Φοίνισσα.
606 3001 760 3112 Βέμβικος
784 3006 879 3088 δίκην.
897 3005 920 3069 Γ
921 3011 941 3088 ή
966 3003 1093 3090 Κυρνία.

250 3083 356 3156 Ἐντὸς
379 3085 523 3172 ἑβδόμης.
547 3085 623 3152 Νυνὶ
645 3112 762 3171 γενοιτο
787 3091 926 3172 σωθήναι
949 3090 1052 3172 μόνον.

249 3168 387 3257 Ἐῤῥέτω
408 3171 497 3255 φιλυς
521 3171 573 3235 σῦν
596 3173 710 3258 ἐχθρῷ.
733 3172 836 3258 Μέχρι
858 3179 911 3257 τῆς
933 3178 1109 3258 κορωνίδος.

246 3253 283 3319 Ἐ
329 3277 402 3323 ατος
425 3252 551 3318 Μυσῶν.
581 3255 800 3328 Καταίανοῦσί
820 3257 854 3320 o'
871 3260 914 3326 εἰς
936 3261 1098 3342 φοινικίδα.

251 3337 295 3403 Εῦ
321 3364 338 3403 ο
363 3338 526 3424 Πελλήνης
547 3341 694 3404 πέτεσθαι
717 3344 843 3406 διανοεῖ.
866 3341 1007 3411 Μοωξία.

250 3419 379 3488 Εῦνοῶν
401 3425 546 3509 σφάκτης.
572 3423 611 3490 Τί
631 3427 745 3511 φάτταν
770 3429 835 3490 ἀντὶ
857 3431 910 3509 τῆς
931 3432 1125 3511 περιστερᾶςς

250 3503 349 3594 Εὗρεν
375 3509 395 3571 ἁ
418 3509 563 3578 λοπὰςτδ
587 3515 690 3592 πῶμα.
713 3510 796 3596 Πρδς
819 3511 896 3579 ἅλοις
915 3512 1132 3596 ἠγορασμένοι.

248 3589 348 3678 Ἡλίῳ
368 3594 402 3658 τδ
427 3598 495 3676 φῶς
514 3596 670 3667 δανείζεις.
693 3595 856 3682 Ἀμιρορής
876 3595 1066 3679 νενασμένοι.

247 3674 368 3763 Ἡμένη
391 3680 525 3748 πελειάς.
547 3677 592 3744 Οὐ
617 3682 776 3744 δάκνουσιν
804 3681 834 3745 οί
854 3680 1043 3765 τεθνηκότες.
