3059 4492
730 451 881 548 33⁸—

349 623 444 703 ((dl)
621 611 666 681 Th
685 617 771 702 ξίφος
794 618 830 681 ἐκ
847 619 983 681 κολεοῖο.

346 709 441 770 Ensis
464 707 574 784 vagina
595 723 648 764 our
671 706 855 785 stringitur?
876 707 958 764 haud
979 714 1012 764 ut
1034 707 1158 783 iniquus

391 792 456 854 sim
477 791 603 851 Veneri:
627 791 732 850 adiuro
752 800 841 867 teque
861 799 1005 866 tuumque
1028 799 1127 869 caput.

348 877 411 939 Sed
426 879 554 936 Mortem
576 883 620 954 ut,
644 878 782 951 quamvis
806 877 931 934 immoni
951 884 1086 952 pectore,
1107 878 1194 936 noris

391 961 454 1024 Sub
475 961 606 1021 Veneris
627 961 714 1020 molli
736 981 852 1040 ponere
874 961 955 1020 colla
974 960 1056 1039 iugo.

347 1049 411 1107 Iste
433 1047 493 1106 mei
512 1046 656 1106 desiderii
678 1055 726 1105 est
749 1065 861 1106 comes.
883 1045 975 1104 Haud
1000 1065 1078 1123 opus
1098 1045 1163 1104 ullo

388 1133 447 1192 Ilst
466 1131 602 1209 speculo.
625 1131 716 1190 Hunc
737 1150 865 1190 versans
885 1130 1010 1190 consulo
1033 1149 1155 1208 semper
1177 1149 1242 1208 ego.

346 1218 478 1276 Pulcher
495 1217 527 1274 in
549 1217 607 1274 hoc
626 1217 731 1275 videor
749 1217 832 1275 mihi.
854 1215 917 1278 Sed
938 1217 966 1275 si
986 1216 1111 1292 linquis,
1131 1217 1242 1290 amica,

388 1301 454 1362 Nos
476 1302 572 1379 prius,
596 1301 645 1360 hio
670 1301 753 1362 ensis
776 1302 881 1360 induet
898 1301 939 1360 ile
958 1321 1069 1359 meum.

349 1471 445 1548 t(62)
610 1463 666 1551 ΤῷῚ
685 1472 795 1550 χρυσῷ
814 1466 865 1528 τὸν
885 1462 1018 1549 Ἔρωτα.

346 1560 430 1616 Auro
455 1555 635 1614 sollicitatur
656 1559 753 1614 Amor
773 1555 857 1612 mihi.
879 1553 961 1614 N'am
986 1574 1085 1630 neque
1106 1563 1209 1614 aratro

388 1641 535 1713 Possunt,
554 1659 611 1698 nec
638 1640 712 1698 duro
734 1639 827 1698 mella
849 1641 953 1718 ligone
975 1641 1046 1713 coli,

347 1725 409 1787 Sed
425 1726 610 1803 tempestiva
631 1726 718 1783 verni
737 1726 768 1784 vi
780 1726 871 1784 roris.
893 1728 935 1784 At
953 1744 1058 1782 aurum

389 1811 572 1871 Omnimode
591 1811 720 1870 Veneris
742 1810 843 1868 dulcia
864 1809 957 1868 mella
977 1809 1056 1868 colit.

348 1980 443 2058 t(63)
615 1973 780 2060 Κιχλίζεις,
800 1975 1000 2060 χρεμέτιομα.

346 2065 477 2123 Hinnitu
494 2065 622 2124 Veneris
643 2064 811 2141 proludens
832 2065 914 2122 bella
935 2064 1080 2123 fritionis.

388 2149 513 2208 Furtivo
537 2149 673 2208 adnictas
694 2150 827 2208 numine.
852 2157 960 2207 cuncta
981 2169 1097 2208 moves.

345 2234 482 2307 Frustra,
505 2235 584 2307 iuro,
608 2235 704 2294 oculis
723 2243 753 2292 te
776 2254 838 2293 non
862 2234 994 2307 visurus,
1017 2233 1114 2292 amori

387 2319 579 2378 Indomitum.
606 2319 739 2397 lapidem
760 2327 807 2377 ter
828 2337 945 2395 quoque
967 2320 1034 2378 iuro
1057 2321 1173 2378 lovem.

345 2404 432 2463 Lude
451 2405 516 2462 tibi.
538 2411 568 2461 te
590 2405 720 2465 suavioli
739 2412 943 2482 poppysmste
961 2405 1050 2462 ducta

388 2489 466 2562 Illis,
489 2507 565 2564 quae
587 2490 662 2547 nulli
684 2488 765 2548 nuda
786 2489 899 2547 labella
924 2508 1018 2548 seres.

348 2658 443 2734 ζ(65)
610 2651 716 2716 Πᾶοαν
740 2655 806 2736 ἐγὼ·
822 2653 877 2737 τὴν
900 2654 1002 2717 νύκτα.

346 2742 426 2802 Tota
446 2741 520 2799 mihi
539 2741 571 2798 in
595 2742 707 2819 gemitu
731 2763 794 2802 nox
809 2743 943 2802 vertitur.
962 2746 1021 2818 Ast
1040 2743 1091 2800 ubi
1111 2741 1197 2800 venit

387 2827 475 2885 Dans
498 2825 654 2884 minimum
675 2828 748 2885 mihi
772 2828 827 2886 lux
847 2829 946 2905 prima
965 2827 1066 2902 quiete
1090 2827 1163 2899 frui,

345 2911 466 2973 Circum
486 2929 600 2988 perque
622 2918 775 2987 strepente
793 2915 921 2971 citamur
936 2913 1106 2971 hirundine.
1129 2928 1255 2971 somnos

385 2999 590 3074 Abrumpens,
610 2996 751 3056 lacrimas
774 2998 905 3076 integret
923 2998 979 3056 illa
997 2998 1081 3055 mihi.

343 3083 424 3158 Quid
445 3083 519 3140 mihi
540 3082 697 3140 vobiscum
720 3083 788 3142 est?
812 3084 951 3143 absistite
973 3083 1096 3160 garrula
1116 3083 1216 3141 turha.

384 3166 470 3240 Non,
491 3165 672 3240 Philomela,
695 3167 769 3226 mihi
789 3168 894 3246 lingua
915 3177 1033 3227 resecta
1054 3176 1108 3226 tua
1129 3176 1185 3227 est.

342 3253 427 3314 Flete
450 3252 553 3328 Itylon
577 3252 659 3310 duris
680 3251 711 3310 in
734 3254 900 3326 montibus,
922 3261 1012 3328 atque
1034 3253 1150 3325 sedete,

386 3337 571 3415 Scruposam
595 3345 697 3396 cautes
721 3357 782 3414 qua
797 3339 880 3397 dabit
898 3339 961 3396 alta
982 3338 1116 3411 domum,

341 3423 485 3484 Dormire
502 3429 535 3479 ut
554 3422 655 3480 liceat.
680 3421 850 3500 Surrepens
873 3424 953 3482 forte
975 3423 1177 3482 Rhodanthes

385 3507 601 3584 Amplexande
623 3506 696 3564 mihi
714 3509 850 3583 brachie,
874 3507 996 3581 Somne,
1018 3507 1115 3566 dabis.
