3059 4492
737 488 886 583 33⁸0—

366 659 461 716 Vivus
480 657 590 716 hiantis
614 657 645 715 in
669 657 728 715 soli
747 659 904 736 voragine,

367 742 546 819 Sepulcrum
568 742 695 818 stipsis
717 742 901 818 insepultum
925 742 1038 802 Daunii

368 826 508 888 Statuent
530 845 638 885 acervo
659 827 841 886 fornicatum
864 847 968 901 saxeo,

292 910 358 965 1065
369 913 495 972 Terram
518 911 681 970 offerentes
704 931 793 987 quam
814 913 959 973 volebant
977 931 1106 986 sumere,

369 995 577 1056 Cerebrisorbi
595 997 651 1054 filii
672 998 739 1073 apri
761 998 872 1056 bellici.

369 1081 431 1143 Sed
452 1082 583 1140 filiorum
603 1081 834 1142 Nauboleorum
855 1090 959 1158 petent

367 1165 488 1228 Nautae
509 1166 699 1239 demessam,
723 1186 783 1247 qua
801 1168 928 1246 iugosus
950 1169 1114 1245 Lampetes

368 1253 491 1311 Illustre
513 1270 606 1310 cornu
626 1251 747 1311 verticis
768 1253 918 1329 Hipponii

292 1338 359 1390 1070
370 1335 443 1397 Salo
463 1337 604 1395 tetendit:
629 1355 747 1414 proque
768 1336 892 1397 Orissae
911 1339 1022 1396 finibus

266 1432 271 1445 '
368 1420 573 1481 Crotoniatem
596 1431 772 1498 portuosum
794 1423 951 1499 pulverem

367 1507 532 1566 Taurorum
556 1508 685 1565 arabunt
705 1508 814 1567 ferreis
835 1508 1017 1580 dentalibus,

366 1591 502 1650 Patriam
525 1592 652 1649 Lilaean
675 1600 705 1648 et
726 1596 916 1651 Anemoreae
937 1594 1024 1665 solu,¹

365 1677 553 1752 Amphissan
573 1685 603 1734 et
618 1677 825 1736 desiderantes
846 1687 936 1752 atque
956 1681 1064 1736 Abas.¹

291 1765 357 1818 1075
369 1759 480 1821 Setaea
503 1761 624 1833 misera,
646 1763 764 1837 rupium
786 1771 816 1821 te
833 1783 906 1820 crux
929 1773 1040 1836 manet,

366 1846 428 1906 Ubi
449 1847 591 1905 numellis
614 1847 837 1906 membrivincis
858 1849 966 1906 ferreis

366 1931 488 1990 Misella
508 1933 609 2008 passis
631 1923 802 2008 compedita
821 1933 952 1991 brachiis

366 2018 498 2076 Moriere
520 2017 631 2074 heriles
653 2023 728 2076 ausa
751 2018 866 2077 classes
886 2037 983 2090 urere,

366 2102 413 2160 Ad
435 2100 559 2161 Crathin
583 2102 715 2160 eiulante
737 2113 846 2178 questu
866 2103 1017 2161 vulturum

290 2192 357 2246 1080
368 2187 490 2263 Rapina
509 2188 656 2262 pendens,
680 2188 817 2245 oscinum
837 2189 1008 2246 voracium:

368 2271 450 2347 Quin
472 2273 563 2330 sortia
585 2271 637 2330 ille
656 2291 745 2330 mons
771 2282 841 2330 tuae
862 2275 1051 2349 cognominis

365 2356 457 2415 Ponti
477 2357 619 2433 procellis
640 2357 813 2429 imminens,
837 2358 1003 2416 vocabitur.

368 2441 483 2499 Tamen
506 2440 630 2519 Pelasgi
654 2443 692 2500 ad
712 2443 775 2500 alta
798 2443 969 2501 Membletis
994 2443 1082 2516 vada,

366 2524 543 2601 Quicunque
565 2525 706 2585 Corsicae
728 2529 911 2604 appulerunt
929 2529 1059 2602 insulae,

290 2610 614 2688 1085Tyrr[h]enicum
634 2613 713 2669 ultra
738 2633 870 2670 murmur
891 2613 929 2670 ad
949 2614 1106 2674 Lametios

309 2763 311 2768 ,
364 2696 490 2754 Lucana
508 2697 661 2754 habebunt
682 2699 816 2774 gurgites
838 2698 965 2755 novalia.
1034 2733 1037 2737 J

366 2779 442 2839 Illos
463 2781 568 2838 ruinae
592 2781 724 2856 duraque
741 2783 909 2842 infortunia

365 2866 498 2924 Maestus
519 2866 671 2924 habebunt
693 2887 754 2926 non
777 2869 924 2925 relaturos
946 2868 1057 2944 pedem

364 2950 494 3026 Propter
513 2969 647 3008 mearum
669 2953 839 3028 nuptiarum
859 2953 917 3009 viru
943 2961 1065 3010 trucem.

290 3041 357 3098 1090
367 3035 434 3094 Nec
455 3036 506 3110 qui
530 3044 657 3112 penates
679 3038 845 3114 gestientes
868 3045 940 3114 post
960 3047 1075 3114 petent,

364 3119 559 3179 Vitulatiouis
579 3122 703 3199 pinguia
723 3123 1006 3196 adolebuntsacra,

366 3206 604 3265 Redhostientes
628 3208 755 3284 gratiam
779 3208 931 3265 Lucretio.

364 3290 446 3351 Nam
467 3299 513 3349 tot
533 3291 628 3349 ruinis
652 3300 697 3350 tot
716 3292 805 3350 malis
828 3293 959 3363 Ericius,

364 3376 423 3434 Tot
445 3375 622 3434 Mar-tiorum
644 3377 805 3454 coniugum
828 3379 965 3435 aedituas
986 3395 1079 3435 nurus

289 3460 456 3522 1095Dolis
478 3461 602 3533 rotabit,
622 3480 678 3518 nec
701 3463 789 3520 malis
811 3464 966 3540 navifraga

367 3544 510 3604 (lassabit
525 3546 639 3622 ignium
662 3549 816 3605 excubans
836 3548 975 3606 custodia

366 3629 414 3688 Ob
439 3630 521 3689 caesi
542 3631 655 3688 alumni
679 3631 752 3704 fata,
774 3651 860 3706 quem
883 3650 993 3708 cespes
1016 3649 1124 3689 recens

397 3713 418 3722 “
527 3717 552 3738 ”
579 3716 686 3774 tellure
708 3718 902 3795 Methymnue
923 3725 1013 3796 teget.
