3059 4492
730 455 883 549 Q

394 623 548 686 consertis
569 623 664 682 labris
688 626 726 683 ad
748 643 816 682 mea
836 625 923 682 labra
944 625 1025 684 suist

354 792 451 871 (06)
624 786 779 872 Κηρύσσω
803 791 853 852 τὸν
869 766 1004 871 ''Ep'mrm

352 881 433 940 Acer
452 881 547 937 Amor
567 879 646 936 lecto
672 878 796 954 paribus
820 895 854 936 se
874 876 998 936 sustulit
1016 877 1072 936 alis

393 963 498 1022 Prima
516 964 592 1022 luce.
613 963 701 1038 Quis,
723 983 757 1036 0,
775 962 875 1035 dicite,
896 962 971 1019 vidit
992 962 1080 1019 eum?

352 1048 450 1108 Dulce
472 1069 548 1126 puer
570 1047 723 1106 lacrimat:
744 1046 896 1124 petulans,
918 1047 1085 1122 simumque
1106 1049 1247 1108 renidet:
1354 1082 1355 1085 =

395 1135 516 1211 Aliger:
543 1153 581 1190 ex
601 1133 734 1190 humeris
754 1133 837 1208 picta
857 1132 1001 1208 pharetra
1023 1139 1121 1191 sonat.

354 1217 415 1279 Sed
433 1226 520 1295 patre
542 1238 601 1292 quo
621 1218 750 1295 genitus,
764 1216 809 1274 nil
822 1217 892 1274 dum
905 1217 979 1275 scio.
1001 1217 1134 1277 Lucidus
1147 1219 1267 1293 aether,

395 1302 492 1361 Tarra
512 1303 620 1374 ferum,
643 1310 673 1360 et
693 1309 806 1379 pontus
826 1302 1029 1378 progenuisse
1051 1311 1173 1380 negant.

354 1388 493 1448 Oderunt
513 1407 619 1446 omnes
640 1388 775 1446 omnino·
797 1389 838 1445 At
858 1387 1005 1461 quaerite,
1025 1387 1131 1463 siqua

395 1473 529 1532 Incautis
553 1473 662 1531 animis
683 1473 761 1530 retia
782 1472 879 1529 tendit
898 1472 1004 1529 adhuc.

353 1560 454 1633 Atque
476 1576 579 1616 eccum
599 1557 630 1614 in
649 1557 784 1616 latebris.
806 1557 911 1629 Video,
932 1556 1089 1616 iaculator.
1110 1558 1146 1616 in
1164 1558 1244 1636 ipsis
1354 1604 1355 1609 1

396 1642 578 1718 Zenophiles
604 1643 711 1715 oculis,
736 1663 753 1700 ο
776 1641 912 1719 fugitive,
933 1640 1021 1700 lates.

354 1809 451 1888 (07)
616 1804 788 1869 Πωλείσθω
812 1807 863 1868 καὶ
886 1809 1008 1889 ματρὸς.

353 1895 501 1968 Vaeneat,
527 1901 556 1952 et
576 1895 905 1972 gremiorequiescens
929 1897 1033 1954 matris
1055 1895 1087 1952 in
1106 1895 1190 1972 ipso:

395 1982 542 2039 Vaeneat.
567 1979 746 2038 indomitum
769 2000 821 2038 cur
841 1999 937 2058 genus
958 1981 1041 2038 istud
1062 1981 1131 2039 alo?

352 2067 392 2127 Et
413 2067 534 2137 simum,
559 2073 589 2122 et
608 2065 728 2123 volucre
748 2073 805 2137 est,
822 2072 852 2122 et
864 2074 967 2147 acutos
979 2065 1123 2140 imprimit
1135 2084 1264 2144 ungues,

394 2153 435 2210 Et
452 2150 517 2208 risu
539 2149 570 2207 in
591 2149 698 2210 mediis
718 2151 839 2208 fletibus
864 2170 918 2208 ora
940 2151 1043 2226 quatit.

353 2235 518 2294 Praeterea
538 2235 714 2310 durumque,
736 2234 920 2312 loquaxque,
944 2243 974 2292 et
992 2235 1106 2292 lumine
1126 2235 1265 2306 vibrare

396 2319 492 2393 Quem
516 2339 615 2396 neque
635 2328 827 2378 mansuetum
849 2321 961 2379 dixerit
980 2321 1051 2397 ipsa
1070 2339 1195 2396 parens.

354 2405 453 2464 Totus
476 2405 653 2482 prodigium.
678 2404 740 2464 sed
763 2415 899 2463 vaeneat.
923 2406 1042 2464 institor
1064 2405 1157 2464 adsis.

398 2488 431 2550 Si
453 2490 507 2548 tibi
531 2491 714 2567 mancipium
734 2507 806 2548 cura
827 2510 948 2566 parare,
971 2491 1051 2548 veni.

354 2575 423 2634 Flet
440 2583 554 2649 tamen,
576 2595 655 2632 ecce.
675 2576 759 2633 Bono
775 2575 874 2633 auimo
887 2583 1041 2633 catenen
1055 2594 1112 2652 ego
1124 2576 1264 2647 vendam,

396 2659 457 2717 Hic
478 2677 545 2716 cum
568 2661 739 2736 Zenophila
760 2653 838 2731 viv'e,
866 2660 1016 2736 simulque
1039 2679 1138 2718 mane.

355 2828 394 2904 ζ(
402 2829 450 2904 18)
607 2820 683 2886 Eine
704 2825 860 2886 Λυκαινίδι
881 2825 1009 2909 Δορκὰς.

354 2915 487 2986 Dorcas,
510 2914 549 2986 ai,
571 2931 648 2988 quae
672 2932 705 2971 se
731 2913 894 2971 simulabat
917 2933 1028 2986 amare,
1051 2913 1197 2990 Lycaeni,

397 2998 468 3071 Dic,
490 3006 579 3075 napta
598 3017 648 3070 es3
669 2997 775 3056 Patuit
796 3006 931 3075 tempore
955 3000 1042 3057 fictus
1065 3000 1168 3056 Amor.

356 3169 453 3246 (('20)
610 3161 673 3232 Nat
697 3165 810 3247 μακρὴ,
835 3165 886 3226 καὶ
908 3169 1013 3248 χεῖμα.

356 3254 433 3313 Nox
454 3253 554 3312 media
576 3260 623 3312 est
646 3259 675 3310 et
697 3253 795 3312 saevit
805 3254 918 3312 hiems:
942 3253 1042 3310 media
1055 3251 1265 3311 occidit'undis

399 3339 518 3398 Pleias:
543 3357 596 3415 ego
620 3339 657 3394 ad
679 3336 832 3397 Dominae
854 3338 1001 3414 perpluor
1021 3339 1117 3395 imbre
1137 3337 1227 3396 sores.

356 3423 435 3484 Uror
457 3443 557 3481 amore
577 3423 723 3482 Helenes.
747 3423 828 3481 Nam
851 3431 921 3482 sunt
943 3441 979 3480 ea
1002 3423 1064 3480 tela
1085 3421 1215 3495 doloris,
1288 3479 1293 3488 ,

398 3507 467 3566 Non
492 3527 584 3581 amor,
607 3527 623 3566 e
643 3509 749 3584 rapido
769 3527 846 3584 quae
868 3508 940 3565 iacit
959 3508 1029 3584 igne
1049 3505 1166 3567 Venus.
