3059 4492
672 509 733 570 ³59

257 675 371 736 Venans
390 678 521 736 cannam
543 678 674 752 perfidae
697 698 828 756 sponsae
847 679 972 739 veham:
1159 676 1226 730 109⁵

258 761 312 837 Qui
333 762 488 840 limpidum
510 763 667 822 accoluere
687 763 793 822 Dizeri
814 764 943 823 alveum.

256 847 381 906 Melitam
400 847 530 906 insulam
554 847 606 905 alii
628 869 690 906 non
711 851 750 908 ab
776 849 928 910 Orthrono
950 848 1055 924 procul

255 931 327 1009 vagi
349 934 541 1005 obsidebunt,
565 952 653 1007 quam
673 934 775 1011 ingosi
798 934 944 1010 plurimus

256 1013 369 1076 Circum
386 1017 523 1094 Pachyni
545 1015 674 1078 Sicanus
694 1019 801 1078 lambit
822 1019 933 1094 liquor,

177 1103 178 1110 ’
255 1104 355 1160 Arcem
377 1111 534 1180 petrosam
554 1103 709 1162 ruminans
732 1104 943 1181 cognominem
962 1133 967 1140 .
1161 1102 1228 1156 10³0

256 1186 331 1246 Olim
349 1188 480 1248 futuram
499 1185 648 1264 Sisypbei'
662 1188 728 1260 filii,

255 1269 359 1332 Curitis
382 1274 470 1351 ctiam
492 1273 626 1349 Virginis
650 1273 815 1348 splendens
840 1292 927 1350 opus,

255 1356 317 1432 Qua
335 1359 432 1418 vomit
453 1357 588 1416 Helorus
608 1358 802 1435 frigerantem
825 1360 981 1436 gurgitem.

254 1443 307 1500 Avi
325 1451 476 1520 peremtor
493 1443 598 1518 hirpus
622 1443 810 1502 Orthronum
831 1444 956 1516 incolet,

254 1525 343 1586 Patrii
364 1527 470 1604 procul
489 1527 602 1587 fluenta
624 1527 793 1606 Coscyntbi
815 1538 974 1606 expetens,

254 1611 290 1670 lit
307 1614 338 1671 in
360 1612 505 1690 procellis
528 1631 674 1689 scrupeae
697 1614 771 1672 moli
792 1615 929 1674 insidens

255 1695 387 1758 Classem
411 1698 572 1773 imperabit
591 1699 793 1775 navigandum
815 1701 942 1759 civibus.

254 1781 360 1842 Terrae
380 1792 528 1861 paternae
551 1802 678 1858 namque
701 1804 764 1842 non
786 1804 899 1842 annum
920 1787 1070 1862 integrum

253 1866 470 1927 Perduellionis
493 1868 592 1944 patria
613 1888 696 1926 reum
717 1868 777 1926 frui

255 1950 416 2029 Sequestra
436 1954 533 2012 iustae
556 1954 648 2012 Furia
668 1954 818 2012 vindictae
842 1955 933 2026 sinat,

253 2037 383 2099 Ladonis
404 2038 459 2096 udi
480 2038 565 2098 larva
584 2039 661 2097 roris
683 2039 796 2096 accola.

253 2122 289 2182 Et
306 2125 376 2183 inde
393 2124 496 2182 vitans
521 2123 667 2199 praelium
690 2123 936 2201 anguiformium

253 2211 414 2268 Abantiam
435 2217 510 2285 post
526 2209 681 2286 navigabit
702 2210 859 2285 oppidum,

252 2291 448 2372 Ventansque
470 2295 594 2370 propius
617 2302 727 2350 terram
749 2292 984 2362 Atitanensium‚

253 2380 298 2437 Ad
316 2381 400 2440 littus
427 2380 525 2455 ipsum
548 2379 666 2437 culmen
687 2380 814 2437 arduum
833 2377 947 2435 incolet

252 2463 363 2526 Libane
385 2464 574 2540 Polyanthei
594 2462 760 2523 Chaonitae
780 2464 913 2521 flumina.

251 2547 426 2609 Calchantis
449 2550 530 2624 atqui
552 2550 640 2608 busta
660 2556 787 2626 propter
810 2548 888 2605 Itala

248 2633 384 2694 Fratrum
412 2635 501 2692 duum
525 2634 680 2692 mendacis
703 2635 780 2692 alter
801 2632 936 2709 cespitis,

251 2719 412 2780 Tumulum
434 2720 562 2796 sepultis
585 2720 728 2777 excitabit
748 2719 886 2778 ossibus:

252 2803 438 2880 Bustumque
462 2805 556 2864 ovillo
578 2805 691 2863 vellere
708 2805 924 2864 incubantibus

251 2884 361 2949 Veram
381 2891 414 2948 in
437 2890 536 2963 quiete
558 2891 721 2964 dictionem
746 2891 899 2967 proferet:

252 2972 455 3050 Salutiferque
475 2975 606 3034 Dauniis
630 2975 798 3047 vocabitur,

251 3057 325 3119 Cum
348 3059 482 3119 fluminis
502 3077 577 3136 gens
600 3060 664 3117 lota
684 3059 818 3117 Inturnis
841 3056 938 3130 aquis,

251 3143 384 3204 Gnatum
404 3145 590 3202 invocabunt
611 3144 756 3219 opitulum
777 3138 954 3214 Aesculapii
1027 3168 1032 3175 ·

251 3227 344 3310 Gragi
362 3229 525 3305 benignum
551 3229 726 3302 civibusque
748 3225 902 3284 accedere.

249 3312 319 3374 Hoc
343 3332 456 3390 nempe
478 3313 593 3371 cunctis
615 3313 714 3369 lumen
737 3309 858 3370 Aetolis
879 3307 944 3364 erit.

249 3398 296 3458 Ibi
317 3395 476 3459 cruentum
499 3407 529 3456 et
550 3397 680 3454 omnium
704 3394 928 3463 saevissimum,

251 3483 383 3559 Quando
409 3481 541 3558 Salariga
561 3501 632 3538 rura
654 3489 684 3538 et
704 3483 866 3557 Angaasos
890 3477 975 3534 sinus

250 3567 327 3628 Cum
347 3569 497 3637 venerint,
516 3564 600 3623 ducis
623 3572 788 3641 reposcent
808 3564 914 3639 iugera

250 3653 331 3714 Boni
352 3651 473 3711 novalis
500 3665 619 3722 sumen,
639 3669 741 3708 arvum
763 3646 954 3706 haerediumz

250 3737 335 3812 Quos
359 3738 398 3796 ad
422 3731 593 3810 sepulcrum
618 3734 783 3794 solitarium
805 3733 934 3792 obruent
