<?xml version="1.0" encoding="UTF-8"?>
<!DOCTYPE html PUBLIC "-//W3C//DTD XHTML 1.0 Transitional//EN"
    "http://www.w3.org/TR/xhtml1/DTD/xhtml1-transitional.dtd">
<html xmlns="http://www.w3.org/1999/xhtml" xml:lang="en" lang="en">
 <head>
  <title>
</title>
<meta http-equiv="Content-Type" content="text/html;charset=utf-8" />
  <meta name='ocr-system' content='tesseract 3.04.00' />
  <meta name='ocr-capabilities' content='ocr_page ocr_carea ocr_par ocr_line ocrx_word'/>
</head>
<body>
  <div class='ocr_page' id='page_1' title='image "./poemataomnia01scalgoog_0262.png"; bbox 0 0 3059 4492; ppageno 0'>
   <div class='ocr_carea' id='block_1_1' title="bbox 785 477 847 538">
    <p class='ocr_par' dir='ltr' id='par_1_1' title="bbox 785 477 847 538">
     <span class='ocr_line' id='line_1_1' title="bbox 785 477 847 538; baseline -0.016 -1"><span class='ocrx_word' id='word_1_1' title='bbox 785 477 847 538; x_wconf 73' lang='lat'><strong>254</strong></span> 
     </span>
    </p>
   </div>
   <div class='ocr_carea' id='block_1_2' title="bbox 358 607 1269 918">
    <p class='ocr_par' dir='ltr' id='par_1_2' title="bbox 358 607 1269 918">
     <span class='ocr_line' id='line_1_2' title="bbox 358 607 1141 726; baseline -0.004 -19"><span class='ocrx_word' id='word_1_2' title='bbox 358 641 393 707; x_wconf 87' lang='grc' dir='ltr'><strong>Ζ.</strong></span> <span class='ocrx_word' id='word_1_3' title='bbox 443 607 605 726; x_wconf 76' lang='grc' dir='ltr'><strong>Νιοδρείην</strong></span> <span class='ocrx_word' id='word_1_4' title='bbox 632 640 723 725; x_wconf 82' lang='grc' dir='ltr'><strong>φεῦγ’</strong></span> <span class='ocrx_word' id='word_1_5' title='bbox 745 643 811 726; x_wconf 84' lang='grc' dir='ltr'><strong>ἥτις</strong></span> <span class='ocrx_word' id='word_1_6' title='bbox 833 642 939 726; x_wconf 88' lang='grc' dir='ltr'><strong>ἀεργίη</strong></span> <span class='ocrx_word' id='word_1_7' title='bbox 961 641 1023 704; x_wconf 85' lang='grc' dir='ltr'><strong>ἐστὶ</strong></span> <span class='ocrx_word' id='word_1_8' title='bbox 1045 639 1141 704; x_wconf 84' lang='grc' dir='ltr'><strong>νόοιο.</strong></span> 
     </span>
     <span class='ocr_line' id='line_1_3' title="bbox 443 722 1269 810; baseline 0.002 -21"><span class='ocrx_word' id='word_1_9' title='bbox 443 722 564 789; x_wconf 54' lang='lat' dir='ltr'><strong>Eam</strong></span> <span class='ocrx_word' id='word_1_10' title='bbox 584 726 793 810; x_wconf 75' lang='grc' dir='ltr'><strong>όνοιῖςάτονῇ,</strong></span> <span class='ocrx_word' id='word_1_11' title='bbox 802 729 836 791; x_wconf 86' lang='grc' dir='ltr'><strong>τὸ</strong></span> <span class='ocrx_word' id='word_1_12' title='bbox 847 726 1269 810; x_wconf 84' lang='grc' dir='ltr'><strong>δέμαςδαπανᾶταιάεργοδν.</strong></span> 
     </span>
     <span class='ocr_line' id='line_1_4' title="bbox 359 807 1268 918; baseline -0.002 -44"><span class='ocrx_word' id='word_1_13' title='bbox 359 807 398 874; x_wconf 88' lang='grc' dir='ltr'><strong>Η.</strong></span> <span class='ocrx_word' id='word_1_14' title='bbox 445 808 520 878; x_wconf 86' lang='grc' dir='ltr'><strong>Ταῖς</strong></span> <span class='ocrx_word' id='word_1_15' title='bbox 540 810 630 878; x_wconf 80' lang='grc' dir='ltr'>ἰδίαις</span> <span class='ocrx_word' id='word_1_16' title='bbox 650 812 819 892; x_wconf 87' lang='grc' dir='ltr'><strong>μελεδῶσιν</strong></span> <span class='ocrx_word' id='word_1_17' title='bbox 842 810 973 880; x_wconf 76' lang='grc' dir='ltr'><strong>ἐναλλὰξ</strong></span> <span class='ocrx_word' id='word_1_18' title='bbox 996 811 1116 918; x_wconf 65' lang='grc' dir='ltr'><strong>ἔμβαλε</strong></span> <span class='ocrx_word' id='word_1_19' title='bbox 1137 809 1268 895; x_wconf 80' lang='grc' dir='ltr'><strong>τέρψεις,</strong></span> 
     </span>
    </p>
   </div>
   <div class='ocr_carea' id='block_1_3' title="bbox 358 892 1358 3768">
    <p class='ocr_par' dir='ltr' id='par_1_3' title="bbox 358 892 1358 3768">
     <span class='ocr_line' id='line_1_5' title="bbox 438 892 1271 980; baseline 0 -20"><span class='ocrx_word' id='word_1_20' title='bbox 438 892 543 978; x_wconf 83' lang='grc' dir='ltr'><strong>Ὄφρα</strong></span> <span class='ocrx_word' id='word_1_21' title='bbox 552 893 759 980; x_wconf 79' lang='grc' dir='ltr'><strong>δόνησδανόιρ</strong></span> <span class='ocrx_word' id='word_1_22' title='bbox 768 897 853 978; x_wconf 87' lang='grc' dir='ltr'><strong>μάλα</strong></span> <span class='ocrx_word' id='word_1_23' title='bbox 865 897 1012 978; x_wconf 89' lang='grc' dir='ltr'><strong>τετλάμεν</strong></span> <span class='ocrx_word' id='word_1_24' title='bbox 1027 917 1134 958; x_wconf 90' lang='grc' dir='ltr'><strong>οντινα</strong></span> <span class='ocrx_word' id='word_1_25' title='bbox 1144 894 1271 979; x_wconf 78' lang='grc' dir='ltr'><strong>μόχθον.</strong></span> 
     </span>
     <span class='ocr_line' id='line_1_6' title="bbox 360 977 1242 1064; baseline -0.003 -21"><span class='ocrx_word' id='word_1_26' title='bbox 360 978 396 1043; x_wconf 85' lang='grc' dir='ltr'><strong>Θ.</strong></span> <span class='ocrx_word' id='word_1_27' title='bbox 437 979 554 1043; x_wconf 83' lang='grc' dir='ltr'><strong>’Άλλου</strong></span> <span class='ocrx_word' id='word_1_28' title='bbox 579 979 620 1062; x_wconf 87' lang='grc' dir='ltr'><strong>μὴ</strong></span> <span class='ocrx_word' id='word_1_29' title='bbox 645 978 739 1062; x_wconf 75' lang='grc' dir='ltr'><strong>ψέξης</strong></span> <span class='ocrx_word' id='word_1_30' title='bbox 761 981 780 1064; x_wconf 75' lang='grc' dir='ltr'>ἦ</span> <span class='ocrx_word' id='word_1_31' title='bbox 803 981 856 1064; x_wconf 81' lang='grc' dir='ltr'><strong>μὲν</strong></span> <span class='ocrx_word' id='word_1_32' title='bbox 878 978 981 1061; x_wconf 91' lang='grc' dir='ltr'><strong>λόγον,</strong></span> <span class='ocrx_word' id='word_1_33' title='bbox 1003 980 1043 1064; x_wconf 75' lang='grc' dir='ltr'><strong>ἠὲ</strong></span> <span class='ocrx_word' id='word_1_34' title='bbox 1065 979 1117 1042; x_wconf 79' lang='grc' dir='ltr'><strong>καὶ</strong></span> <span class='ocrx_word' id='word_1_35' title='bbox 1140 977 1242 1062; x_wconf 83' lang='grc' dir='ltr'><strong>ἔργον,</strong></span> 
     </span>
     <span class='ocr_line' id='line_1_7' title="bbox 444 1062 1254 1148; baseline -0.002 -21"><span class='ocrx_word' id='word_1_36' title='bbox 444 1062 497 1147; x_wconf 83' lang='grc' dir='ltr'><strong>Μὴ</strong></span> <span class='ocrx_word' id='word_1_37' title='bbox 522 1062 555 1124; x_wconf 86' lang='grc' dir='ltr'><strong>σ&gt;</strong></span> <span class='ocrx_word' id='word_1_38' title='bbox 577 1065 764 1147; x_wconf 74' lang='grc' dir='ltr'><strong>ἐπιχλευάζη</strong></span> <span class='ocrx_word' id='word_1_39' title='bbox 791 1065 1003 1148; x_wconf 79' lang='grc' dir='ltr'><strong>μιμησάμενος</strong></span> <span class='ocrx_word' id='word_1_40' title='bbox 1023 1087 1058 1126; x_wconf 89' lang='grc' dir='ltr'><strong>σε</strong></span> <span class='ocrx_word' id='word_1_41' title='bbox 1079 1065 1131 1126; x_wconf 84' lang='grc' dir='ltr'><strong>καὶ</strong></span> <span class='ocrx_word' id='word_1_42' title='bbox 1152 1063 1254 1132; x_wconf 78' lang='grc' dir='ltr'><strong>αὐτός.</strong></span> 
     </span>
     <span class='ocr_line' id='line_1_8' title="bbox 358 1145 1239 1256; baseline 0 -46"><span class='ocrx_word' id='word_1_43' title='bbox 358 1145 381 1210; x_wconf 91' lang='lat' dir='ltr'><strong>l.</strong></span> <span class='ocrx_word' id='word_1_44' title='bbox 437 1145 533 1254; x_wconf 78' lang='grc' dir='ltr'><strong>”Ορρ’</strong></span> <span class='ocrx_word' id='word_1_45' title='bbox 557 1145 669 1256; x_wconf 86' lang='grc' dir='ltr'><strong>ἔλαχες</strong></span> <span class='ocrx_word' id='word_1_46' title='bbox 690 1146 823 1212; x_wconf 92' lang='grc' dir='ltr'><strong>δέλτοισι</strong></span> <span class='ocrx_word' id='word_1_47' title='bbox 845 1147 1055 1233; x_wconf 75' lang='grc' dir='ltr'><strong>γεγραμμένος</strong></span> <span class='ocrx_word' id='word_1_48' title='bbox 1078 1148 1239 1256; x_wconf 83' lang='grc' dir='ltr'><strong>δστατίησι</strong></span> 
     </span>
     <span class='ocr_line' id='line_1_9' title="bbox 443 1231 1251 1340; baseline -0.002 -45"><span class='ocrx_word' id='word_1_49' title='bbox 443 1231 538 1316; x_wconf 86' lang='grc' dir='ltr'><strong>Τηρει</strong></span> <span class='ocrx_word' id='word_1_50' title='bbox 557 1232 582 1293; x_wconf 79' lang='grc' dir='ltr'><strong>τ’</strong></span> <span class='ocrx_word' id='word_1_51' title='bbox 605 1255 639 1294; x_wconf 88' lang='grc' dir='ltr'><strong>ευ</strong></span> <span class='ocrx_word' id='word_1_52' title='bbox 661 1234 712 1295; x_wconf 83' lang='grc' dir='ltr'><strong>καὶ</strong></span> <span class='ocrx_word' id='word_1_53' title='bbox 730 1232 811 1309; x_wconf 81' lang='grc' dir='ltr'><strong>ἄεξε,</strong></span> <span class='ocrx_word' id='word_1_54' title='bbox 828 1235 868 1316; x_wconf 88' lang='grc' dir='ltr'><strong>μὴ</strong></span> <span class='ocrx_word' id='word_1_55' title='bbox 886 1235 902 1296; x_wconf 87' lang='grc' dir='ltr'><strong>δ</strong></span> <span class='ocrx_word' id='word_1_56' title='bbox 923 1231 1157 1340; x_wconf 81' lang='grc' dir='ltr'><strong>δρολλοόμενος</strong></span> <span class='ocrx_word' id='word_1_57' title='bbox 1175 1255 1251 1315; x_wconf 86' lang='grc' dir='ltr'><strong>ειης.</strong></span> 
     </span>
     <span class='ocr_line' id='line_1_10' title="bbox 359 1314 1270 1403; baseline -0.001 -23"><span class='ocrx_word' id='word_1_58' title='bbox 359 1315 607 1399; x_wconf 73' lang='grc' dir='ltr'><strong>1Α.Ἢνπεριη</strong></span> <span class='ocrx_word' id='word_1_59' title='bbox 633 1318 680 1379; x_wconf 86' lang='grc' dir='ltr'><strong>σοὶ</strong></span> <span class='ocrx_word' id='word_1_60' title='bbox 701 1320 844 1386; x_wconf 89' lang='grc' dir='ltr'><strong>πλεῖστος</strong></span> <span class='ocrx_word' id='word_1_61' title='bbox 865 1317 897 1379; x_wconf 83' lang='grc' dir='ltr'><strong>ἐν</strong></span> <span class='ocrx_word' id='word_1_62' title='bbox 920 1314 1007 1402; x_wconf 76' lang='grc' dir='ltr'><strong>ουδῷ</strong></span> <span class='ocrx_word' id='word_1_63' title='bbox 1028 1318 1145 1400; x_wconf 80' lang='grc' dir='ltr'><strong>γήραος</strong></span> <span class='ocrx_word' id='word_1_64' title='bbox 1169 1315 1270 1403; x_wconf 83' lang='grc' dir='ltr'><strong>ὄλβος,</strong></span> 
     </span>
     <span class='ocr_line' id='line_1_11' title="bbox 359 1398 1271 1486; baseline -0.001 -22"><span class='ocrx_word' id='word_1_65' title='bbox 359 1449 361 1456; x_wconf 85' lang='grc'><strong>.</strong></span> <span class='ocrx_word' id='word_1_66' title='bbox 444 1398 609 1485; x_wconf 74' lang='grc' dir='ltr'><strong>Δαψιλέιυς</strong></span> <span class='ocrx_word' id='word_1_67' title='bbox 633 1403 774 1484; x_wconf 80' lang='grc' dir='ltr'><strong>μετάδος,</strong></span> <span class='ocrx_word' id='word_1_68' title='bbox 801 1401 828 1465; x_wconf 83' lang='grc' dir='ltr'><strong>κ’</strong></span> <span class='ocrx_word' id='word_1_69' title='bbox 855 1402 892 1464; x_wconf 84' lang='grc' dir='ltr'><strong>οὐ</strong></span> <span class='ocrx_word' id='word_1_70' title='bbox 915 1401 1099 1486; x_wconf 71' lang='grc' dir='ltr'><strong>’ρειδομένος</strong></span> <span class='ocrx_word' id='word_1_71' title='bbox 1125 1401 1271 1484; x_wconf 81' lang='grc' dir='ltr'><strong>ἑτάροισι.</strong></span> 
     </span>
     <span class='ocr_line' id='line_1_12' title="bbox 358 1483 1270 1570; baseline -0.001 -20"><span class='ocrx_word' id='word_1_72' title='bbox 358 1484 411 1550; x_wconf 83' lang='grc' dir='ltr'><strong>ΙΒ.</strong></span> <span class='ocrx_word' id='word_1_73' title='bbox 442 1483 494 1568; x_wconf 82' lang='grc' dir='ltr'><strong>Μὴ</strong></span> <span class='ocrx_word' id='word_1_74' title='bbox 518 1484 632 1548; x_wconf 77' lang='grc' dir='ltr'><strong>δούλου</strong></span> <span class='ocrx_word' id='word_1_75' title='bbox 657 1491 794 1570; x_wconf 83' lang='grc' dir='ltr'><strong>χρηστῆς</strong></span> <span class='ocrx_word' id='word_1_76' title='bbox 818 1488 961 1570; x_wconf 82' lang='grc' dir='ltr'><strong>ὀλιγώρει</strong></span> <span class='ocrx_word' id='word_1_77' title='bbox 986 1485 1121 1548; x_wconf 78' lang='grc' dir='ltr'><strong>δέσποτα</strong></span> <span class='ocrx_word' id='word_1_78' title='bbox 1147 1488 1270 1570; x_wconf 82' lang='grc' dir='ltr'><strong>βουλῆς.</strong></span> 
     </span>
     <span class='ocr_line' id='line_1_13' title="bbox 441 1567 1272 1655; baseline -0.001 -22"><span class='ocrx_word' id='word_1_79' title='bbox 441 1567 533 1652; x_wconf 83' lang='grc' dir='ltr'><strong>Μηδέ</strong></span> <span class='ocrx_word' id='word_1_80' title='bbox 554 1591 634 1637; x_wconf 86' lang='grc' dir='ltr'><strong>τινος</strong></span> <span class='ocrx_word' id='word_1_81' title='bbox 653 1573 790 1653; x_wconf 83' lang='grc' dir='ltr'><strong>γνώμην,</strong></span> <span class='ocrx_word' id='word_1_82' title='bbox 814 1572 842 1634; x_wconf 81' lang='grc' dir='ltr'><strong>εἰ</strong></span> <span class='ocrx_word' id='word_1_83' title='bbox 862 1569 1023 1655; x_wconf 88' lang='grc' dir='ltr'><strong>σόμιρορος</strong></span> <span class='ocrx_word' id='word_1_84' title='bbox 1041 1569 1114 1646; x_wconf 56' lang='grc' dir='ltr'><strong>ἐστ),</strong></span> <span class='ocrx_word' id='word_1_85' title='bbox 1136 1569 1272 1654; x_wconf 74' lang='grc' dir='ltr'><strong>ἀθέριζε.</strong></span> 
     </span>
     <span class='ocr_line' id='line_1_14' title="bbox 360 1651 1271 1740; baseline -0.003 -22"><span class='ocrx_word' id='word_1_86' title='bbox 360 1654 408 1720; x_wconf 84' lang='grc' dir='ltr'><strong>ΙΓ.</strong></span> <span class='ocrx_word' id='word_1_87' title='bbox 442 1651 584 1736; x_wconf 77' lang='grc' dir='ltr'><strong>Κτημασι</strong></span> <span class='ocrx_word' id='word_1_88' title='bbox 598 1654 649 1716; x_wconf 87' lang='grc' dir='ltr'><strong>καὶ</strong></span> <span class='ocrx_word' id='word_1_89' title='bbox 657 1656 763 1740; x_wconf 74' lang='grc' dir='ltr'><strong>κλήρῳ</strong></span> <span class='ocrx_word' id='word_1_90' title='bbox 774 1655 827 1718; x_wconf 78' lang='grc' dir='ltr'><strong>ἐὰν</strong></span> <span class='ocrx_word' id='word_1_91' title='bbox 846 1656 902 1718; x_wconf 83' lang='grc' dir='ltr'><strong>οὐκ</strong></span> <span class='ocrx_word' id='word_1_92' title='bbox 913 1656 978 1738; x_wconf 75' lang='grc' dir='ltr'><strong>ἐνη,</strong></span> <span class='ocrx_word' id='word_1_93' title='bbox 991 1658 1033 1722; x_wconf 87' lang='grc' dir='ltr'><strong>ῶς</strong></span> <span class='ocrx_word' id='word_1_94' title='bbox 1047 1655 1081 1717; x_wconf 85' lang='grc' dir='ltr'><strong>τὸ</strong></span> <span class='ocrx_word' id='word_1_95' title='bbox 1095 1657 1271 1739; x_wconf 86' lang='grc' dir='ltr'><strong>πάροςπερ,</strong></span> 
     </span>
     <span class='ocr_line' id='line_1_15' title="bbox 360 1735 1272 1824; baseline 0.003 -24"><span class='ocrx_word' id='word_1_96' title='bbox 360 1785 363 1794; x_wconf 85' lang='grc'><strong>.</strong></span> <span class='ocrx_word' id='word_1_97' title='bbox 443 1735 515 1806; x_wconf 85' lang='grc' dir='ltr'><strong>Τοῖς</strong></span> <span class='ocrx_word' id='word_1_98' title='bbox 526 1737 617 1821; x_wconf 79' lang='grc' dir='ltr'><strong>στέργ’</strong></span> <span class='ocrx_word' id='word_1_99' title='bbox 628 1739 797 1814; x_wconf 85' lang='grc' dir='ltr'><strong>ἀσπασίως,</strong></span> <span class='ocrx_word' id='word_1_100' title='bbox 803 1739 1128 1824; x_wconf 84' lang='grc' dir='ltr'><strong>τάχρόνοςπερίλοιπα</strong></span> <span class='ocrx_word' id='word_1_101' title='bbox 1135 1743 1272 1823; x_wconf 86' lang='grc' dir='ltr'><strong>χορηγεῖ.</strong></span> 
     </span>
     <span class='ocr_line' id='line_1_16' title="bbox 358 1821 1246 1909; baseline -0.002 -21"><span class='ocrx_word' id='word_1_102' title='bbox 358 1823 409 1888; x_wconf 81' lang='grc' dir='ltr'><strong>ΙΔ.</strong></span> <span class='ocrx_word' id='word_1_103' title='bbox 443 1821 529 1906; x_wconf 80' lang='grc' dir='ltr'><strong>Μήτε</strong></span> <span class='ocrx_word' id='word_1_104' title='bbox 549 1827 678 1904; x_wconf 89' lang='grc' dir='ltr'><strong>γυναῖκα</strong></span> <span class='ocrx_word' id='word_1_105' title='bbox 698 1829 807 1906; x_wconf 81' lang='grc' dir='ltr'><strong>γαμεῖν</strong></span> <span class='ocrx_word' id='word_1_106' title='bbox 831 1826 959 1909; x_wconf 78' lang='grc' dir='ltr'><strong>ἀφνειῆς</strong></span> <span class='ocrx_word' id='word_1_107' title='bbox 981 1823 1084 1886; x_wconf 83' lang='grc' dir='ltr'><strong>είνεκα</strong></span> <span class='ocrx_word' id='word_1_108' title='bbox 1107 1826 1246 1907; x_wconf 88' lang='grc' dir='ltr'><strong>προικδς,</strong></span> 
     </span>
     <span class='ocr_line' id='line_1_17' title="bbox 445 1905 1271 1994; baseline 0.001 -24"><span class='ocrx_word' id='word_1_109' title='bbox 445 1905 528 1990; x_wconf 79' lang='grc' dir='ltr'><strong>Μήτ’</strong></span> <span class='ocrx_word' id='word_1_110' title='bbox 544 1907 637 1988; x_wconf 81' lang='grc' dir='ltr'><strong>αὐτὴν</strong></span> <span class='ocrx_word' id='word_1_111' title='bbox 650 1908 802 1993; x_wconf 84' lang='grc' dir='ltr'><strong>κατέχειν,</strong></span> <span class='ocrx_word' id='word_1_112' title='bbox 818 1909 868 1972; x_wconf 87' lang='grc' dir='ltr'><strong>ὅτε</strong></span> <span class='ocrx_word' id='word_1_113' title='bbox 886 1908 1013 1994; x_wconf 82' lang='grc' dir='ltr'><strong>ἄρχεται</strong></span> <span class='ocrx_word' id='word_1_114' title='bbox 1030 1908 1106 1971; x_wconf 84' lang='grc' dir='ltr'><strong>εἶναι</strong></span> <span class='ocrx_word' id='word_1_115' title='bbox 1120 1908 1271 1993; x_wconf 75' lang='grc' dir='ltr'><strong>ἐπαχθής.</strong></span> 
     </span>
     <span class='ocr_line' id='line_1_18' title="bbox 359 1991 1358 2077; baseline -0.002 -20"><span class='ocrx_word' id='word_1_116' title='bbox 359 1991 409 2058; x_wconf 85' lang='lat' dir='ltr'><strong>lE.</strong></span> <span class='ocrx_word' id='word_1_117' title='bbox 444 1991 573 2055; x_wconf 82' lang='grc' dir='ltr'><strong>Πολλῶν</strong></span> <span class='ocrx_word' id='word_1_118' title='bbox 588 1991 1271 2077; x_wconf 77' lang='grc' dir='ltr'><strong>δὴζηλῶνπαράδειγμαμάδοιςτίδεῖὲρδειν,</strong></span> <span class='ocrx_word' id='word_1_119' title='bbox 1357 2050 1358 2055; x_wconf 73' lang='grc'><strong>,</strong></span> 
     </span>
     <span class='ocr_line' id='line_1_19' title="bbox 441 2074 1358 2163; baseline 0 -24"><span class='ocrx_word' id='word_1_120' title='bbox 441 2074 504 2139; x_wconf 79' lang='grc' dir='ltr'><strong>Καὶ</strong></span> <span class='ocrx_word' id='word_1_121' title='bbox 513 2078 544 2138; x_wconf 88' lang='grc' dir='ltr'><strong>τί</strong></span> <span class='ocrx_word' id='word_1_122' title='bbox 557 2080 673 2159; x_wconf 85' lang='grc' dir='ltr'><strong>φυγεῖν.</strong></span> <span class='ocrx_word' id='word_1_123' title='bbox 694 2076 797 2140; x_wconf 85' lang='grc' dir='ltr'><strong>ἄλλων</strong></span> <span class='ocrx_word' id='word_1_124' title='bbox 809 2078 874 2163; x_wconf 87' lang='grc' dir='ltr'><strong>βίος</strong></span> <span class='ocrx_word' id='word_1_125' title='bbox 895 2078 957 2140; x_wconf 85' lang='grc' dir='ltr'><strong>ἐστι</strong></span> <span class='ocrx_word' id='word_1_126' title='bbox 974 2079 1160 2145; x_wconf 88' lang='grc' dir='ltr'><strong>διδάσκαλος</strong></span> <span class='ocrx_word' id='word_1_127' title='bbox 1171 2079 1271 2158; x_wconf 78' lang='grc' dir='ltr'><strong>ἡμῶν.</strong></span> <span class='ocrx_word' id='word_1_128' title='bbox 1357 2076 1358 2081; x_wconf 54' lang='lat'>&#39;</span> 
     </span>
     <span class='ocr_line' id='line_1_20' title="bbox 358 2159 1256 2248; baseline -0.001 -20"><span class='ocrx_word' id='word_1_129' title='bbox 358 2163 401 2234; x_wconf 83' lang='grc' dir='ltr'><strong>Ις.</strong></span> <span class='ocrx_word' id='word_1_130' title='bbox 442 2159 510 2224; x_wconf 88' lang='grc' dir='ltr'><strong>Τῶν</strong></span> <span class='ocrx_word' id='word_1_131' title='bbox 532 2162 668 2224; x_wconf 84' lang='grc' dir='ltr'><strong>δυνατῶν</strong></span> <span class='ocrx_word' id='word_1_132' title='bbox 693 2162 801 2235; x_wconf 85' lang='grc' dir='ltr'><strong>άπτυυ,</strong></span> <span class='ocrx_word' id='word_1_133' title='bbox 826 2163 867 2245; x_wconf 84' lang='grc' dir='ltr'><strong>μὴ</strong></span> <span class='ocrx_word' id='word_1_134' title='bbox 892 2161 1093 2248; x_wconf 84' lang='grc' dir='ltr'><strong>βριδοσόνησι</strong></span> <span class='ocrx_word' id='word_1_135' title='bbox 1116 2162 1256 2229; x_wconf 81' lang='grc' dir='ltr'><strong>πιεσθεὶς</strong></span> 
     </span>
     <span class='ocr_line' id='line_1_21' title="bbox 444 2244 1270 2332; baseline -0.001 -23"><span class='ocrx_word' id='word_1_136' title='bbox 444 2244 635 2330; x_wconf 83' lang='grc' dir='ltr'><strong>Πᾶςμόχδος</strong></span> <span class='ocrx_word' id='word_1_137' title='bbox 645 2247 802 2330; x_wconf 89' lang='grc' dir='ltr'><strong>κάμνη,τά</strong></span> <span class='ocrx_word' id='word_1_138' title='bbox 808 2270 841 2309; x_wconf 91' lang='grc' dir='ltr'><strong>τε</strong></span> <span class='ocrx_word' id='word_1_139' title='bbox 850 2247 915 2331; x_wconf 79' lang='grc' dir='ltr'><strong>μὰψ</strong></span> <span class='ocrx_word' id='word_1_140' title='bbox 927 2245 1270 2332; x_wconf 78' lang='grc' dir='ltr'><strong>ἀρχδένταπρολείπης.</strong></span> 
     </span>
     <span class='ocr_line' id='line_1_22' title="bbox 360 2329 1271 2416; baseline -0.001 -21"><span class='ocrx_word' id='word_1_141' title='bbox 360 2330 409 2395; x_wconf 85' lang='grc' dir='ltr'><strong>ῙΖ.</strong></span> <span class='ocrx_word' id='word_1_142' title='bbox 440 2330 493 2413; x_wconf 85' lang='grc' dir='ltr'><strong>Μὴ</strong></span> <span class='ocrx_word' id='word_1_143' title='bbox 517 2330 585 2412; x_wconf 86' lang='grc' dir='ltr'><strong>σίγα</strong></span> <span class='ocrx_word' id='word_1_144' title='bbox 604 2332 699 2415; x_wconf 87' lang='grc' dir='ltr'><strong>τάπερ</strong></span> <span class='ocrx_word' id='word_1_145' title='bbox 720 2332 777 2395; x_wconf 82' lang='grc' dir='ltr'><strong>οὐκ</strong></span> <span class='ocrx_word' id='word_1_146' title='bbox 800 2331 903 2416; x_wconf 80' lang='grc' dir='ltr'><strong>ὀρδῶς</strong></span> <span class='ocrx_word' id='word_1_147' title='bbox 915 2330 1094 2415; x_wconf 81' lang='grc' dir='ltr'><strong>πραχθέντα</strong></span> <span class='ocrx_word' id='word_1_148' title='bbox 1119 2329 1271 2406; x_wconf 83' lang='grc' dir='ltr'><strong>σόνοιδας,</strong></span> 
     </span>
     <span class='ocr_line' id='line_1_23' title="bbox 444 2413 1272 2499; baseline 0 -21"><span class='ocrx_word' id='word_1_149' title='bbox 444 2413 496 2496; x_wconf 83' lang='grc' dir='ltr'><strong>Μὴ</strong></span> <span class='ocrx_word' id='word_1_150' title='bbox 519 2416 570 2477; x_wconf 89' lang='grc' dir='ltr'><strong>καὶ</strong></span> <span class='ocrx_word' id='word_1_151' title='bbox 592 2415 663 2483; x_wconf 88' lang='grc' dir='ltr'><strong>τοδς</strong></span> <span class='ocrx_word' id='word_1_152' title='bbox 687 2417 809 2484; x_wconf 87' lang='grc' dir='ltr'><strong>δειλοδς</strong></span> <span class='ocrx_word' id='word_1_153' title='bbox 830 2415 942 2499; x_wconf 88' lang='grc' dir='ltr'><strong>δοκέης</strong></span> <span class='ocrx_word' id='word_1_154' title='bbox 956 2418 1068 2498; x_wconf 75' lang='grc' dir='ltr'><strong>ζηλοῦν</strong></span> <span class='ocrx_word' id='word_1_155' title='bbox 1080 2417 1156 2478; x_wconf 87' lang='grc' dir='ltr'><strong>τάδε</strong></span> <span class='ocrx_word' id='word_1_156' title='bbox 1171 2422 1272 2498; x_wconf 91' lang='grc' dir='ltr'><strong>σιγῶν.</strong></span> 
     </span>
     <span class='ocr_line' id='line_1_24' title="bbox 359 2498 1204 2585; baseline -0.002 -20"><span class='ocrx_word' id='word_1_157' title='bbox 359 2499 412 2565; x_wconf 83' lang='grc' dir='ltr'><strong>ΙΗ.</strong></span> <span class='ocrx_word' id='word_1_158' title='bbox 441 2499 550 2569; x_wconf 75' lang='grc' dir='ltr'><strong>Σῶζου</strong></span> <span class='ocrx_word' id='word_1_159' title='bbox 574 2498 625 2560; x_wconf 77' lang='grc' dir='ltr'><strong>ἐπ’</strong></span> <span class='ocrx_word' id='word_1_160' title='bbox 648 2501 794 2584; x_wconf 80' lang='grc' dir='ltr'><strong>ίδυντῆρα</strong></span> <span class='ocrx_word' id='word_1_161' title='bbox 814 2501 915 2585; x_wconf 83' lang='grc' dir='ltr'><strong>κριτὴν</strong></span> <span class='ocrx_word' id='word_1_162' title='bbox 940 2500 1058 2563; x_wconf 86' lang='grc' dir='ltr'><strong>ἀδίκοιο</strong></span> <span class='ocrx_word' id='word_1_163' title='bbox 1082 2500 1204 2583; x_wconf 87' lang='grc' dir='ltr'><strong>νόμοιο.</strong></span> 
     </span>
     <span class='ocr_line' id='line_1_25' title="bbox 445 2581 1253 2669; baseline 0.002 -23"><span class='ocrx_word' id='word_1_164' title='bbox 445 2581 510 2646; x_wconf 89' lang='grc' dir='ltr'><strong>Καί</strong></span> <span class='ocrx_word' id='word_1_165' title='bbox 528 2605 561 2644; x_wconf 88' lang='grc' dir='ltr'><strong>τε</strong></span> <span class='ocrx_word' id='word_1_166' title='bbox 582 2583 672 2668; x_wconf 91' lang='grc' dir='ltr'><strong>νόμοι</strong></span> <span class='ocrx_word' id='word_1_167' title='bbox 692 2583 843 2647; x_wconf 83' lang='grc' dir='ltr'><strong>ποδέουσ’</strong></span> <span class='ocrx_word' id='word_1_168' title='bbox 868 2585 1041 2667; x_wconf 81' lang='grc' dir='ltr'><strong>δρδοδσδαι</strong></span> <span class='ocrx_word' id='word_1_169' title='bbox 1058 2591 1102 2669; x_wconf 79' lang='grc' dir='ltr'><strong>τῷ</strong></span> <span class='ocrx_word' id='word_1_170' title='bbox 1125 2585 1253 2648; x_wconf 84' lang='grc' dir='ltr'><strong>ἐπεικεῖ.</strong></span> 
     </span>
     <span class='ocr_line' id='line_1_26' title="bbox 360 2667 1272 2754; baseline -0.001 -23"><span class='ocrx_word' id='word_1_171' title='bbox 360 2667 411 2734; x_wconf 87' lang='grc' dir='ltr'><strong>ΙΘ.</strong></span> <span class='ocrx_word' id='word_1_172' title='bbox 437 2667 526 2736; x_wconf 61' lang='lat' dir='ltr'>”Atta</span> <span class='ocrx_word' id='word_1_173' title='bbox 550 2672 606 2729; x_wconf 82' lang='grc' dir='ltr'><strong>σοῦ</strong></span> <span class='ocrx_word' id='word_1_174' title='bbox 628 2670 769 2753; x_wconf 84' lang='grc' dir='ltr'><strong>πάσχων,</strong></span> <span class='ocrx_word' id='word_1_175' title='bbox 790 2671 864 2732; x_wconf 89' lang='grc' dir='ltr'><strong>τάδε</strong></span> <span class='ocrx_word' id='word_1_176' title='bbox 887 2672 1002 2754; x_wconf 74' lang='grc' dir='ltr'><strong>τολμᾷν</strong></span> <span class='ocrx_word' id='word_1_177' title='bbox 1021 2668 1272 2754; x_wconf 81' lang='grc' dir='ltr'><strong>καρτεροδόμως.</strong></span> 
     </span>
     <span class='ocr_line' id='line_1_27' title="bbox 444 2749 1271 2837; baseline 0.004 -23"><span class='ocrx_word' id='word_1_178' title='bbox 444 2749 669 2834; x_wconf 80' lang='grc' dir='ltr'><strong>Κρινόμενοςδ’</strong></span> <span class='ocrx_word' id='word_1_179' title='bbox 683 2753 733 2816; x_wconf 86' lang='grc' dir='ltr'><strong>ἐπὶ</strong></span> <span class='ocrx_word' id='word_1_180' title='bbox 741 2758 806 2815; x_wconf 87' lang='grc' dir='ltr'><strong>σεῖο</strong></span> <span class='ocrx_word' id='word_1_181' title='bbox 821 2754 1116 2837; x_wconf 79' lang='grc' dir='ltr'><strong>κριτοδ,κατάγνωθι</strong></span> <span class='ocrx_word' id='word_1_182' title='bbox 1132 2758 1271 2817; x_wconf 84' lang='grc' dir='ltr'><strong>σεαυτοῦ.</strong></span> 
     </span>
     <span class='ocr_line' id='line_1_28' title="bbox 359 2834 1272 2921; baseline 0.005 -22"><span class='ocrx_word' id='word_1_183' title='bbox 359 2834 397 2902; x_wconf 87' lang='lat' dir='ltr'><strong>K.</strong></span> <span class='ocrx_word' id='word_1_184' title='bbox 446 2834 538 2899; x_wconf 86' lang='grc' dir='ltr'><strong>Πόλλ’</strong></span> <span class='ocrx_word' id='word_1_185' title='bbox 549 2837 765 2918; x_wconf 82' lang='grc' dir='ltr'><strong>ἀναγινώσκειν</strong></span> <span class='ocrx_word' id='word_1_186' title='bbox 777 2837 826 2900; x_wconf 80' lang='grc' dir='ltr'><strong>ἐπὶ</strong></span> <span class='ocrx_word' id='word_1_187' title='bbox 833 2839 985 2907; x_wconf 88' lang='grc' dir='ltr'><strong>πλείστοις</strong></span> <span class='ocrx_word' id='word_1_188' title='bbox 993 2838 1104 2900; x_wconf 81' lang='grc' dir='ltr'><strong>πλείον’</strong></span> <span class='ocrx_word' id='word_1_189' title='bbox 1114 2837 1272 2921; x_wconf 85' lang='grc' dir='ltr'><strong>ἀναγνοός.</strong></span> 
     </span>
     <span class='ocr_line' id='line_1_29' title="bbox 445 2919 1271 3006; baseline 0.004 -22"><span class='ocrx_word' id='word_1_190' title='bbox 445 2919 574 3003; x_wconf 87' lang='grc' dir='ltr'><strong>Ποιηταὶ</strong></span> <span class='ocrx_word' id='word_1_191' title='bbox 596 2922 761 3005; x_wconf 81' lang='grc' dir='ltr'><strong>θαυμαστὰ</strong></span> <span class='ocrx_word' id='word_1_192' title='bbox 783 2922 840 3006; x_wconf 83' lang='grc' dir='ltr'><strong>γὰρ</strong></span> <span class='ocrx_word' id='word_1_193' title='bbox 864 2923 936 2985; x_wconf 88' lang='grc' dir='ltr'><strong>ἀλλ’</strong></span> <span class='ocrx_word' id='word_1_194' title='bbox 959 2923 994 2986; x_wconf 86' lang='grc' dir='ltr'><strong>οδ</strong></span> <span class='ocrx_word' id='word_1_195' title='bbox 1018 2922 1109 2984; x_wconf 81' lang='grc' dir='ltr'><strong>πιστὰ</strong></span> <span class='ocrx_word' id='word_1_196' title='bbox 1138 2922 1271 3006; x_wconf 91' lang='grc' dir='ltr'><strong>λέγουσι.</strong></span> 
     </span>
     <span class='ocr_line' id='line_1_30' title="bbox 359 3003 1186 3092; baseline 0.001 -24"><span class='ocrx_word' id='word_1_197' title='bbox 359 3006 426 3072; x_wconf 88' lang='grc' dir='ltr'><strong>ΚΑ.</strong></span> <span class='ocrx_word' id='word_1_198' title='bbox 440 3003 492 3068; x_wconf 80' lang='grc' dir='ltr'><strong>Ἐν</strong></span> <span class='ocrx_word' id='word_1_199' title='bbox 512 3010 576 3074; x_wconf 89' lang='grc' dir='ltr'><strong>τοῖς</strong></span> <span class='ocrx_word' id='word_1_200' title='bbox 599 3007 779 3069; x_wconf 88' lang='grc' dir='ltr'><strong>συσσίτυισιν</strong></span> <span class='ocrx_word' id='word_1_201' title='bbox 804 3008 936 3091; x_wconf 81' lang='grc' dir='ltr'><strong>ἑταίροις</strong></span> <span class='ocrx_word' id='word_1_202' title='bbox 956 3013 1035 3092; x_wconf 68' lang='grc' dir='ltr'><strong>νῆφε</strong></span> <span class='ocrx_word' id='word_1_203' title='bbox 1057 3007 1186 3088; x_wconf 92' lang='grc' dir='ltr'><strong>λόγοισι,</strong></span> 
     </span>
     <span class='ocr_line' id='line_1_31' title="bbox 446 3089 1270 3176; baseline 0 -21"><span class='ocrx_word' id='word_1_204' title='bbox 446 3089 498 3174; x_wconf 82' lang='grc' dir='ltr'><strong>Μὴ</strong></span> <span class='ocrx_word' id='word_1_205' title='bbox 531 3091 635 3168; x_wconf 85' lang='grc' dir='ltr'><strong>λάλος,</strong></span> <span class='ocrx_word' id='word_1_206' title='bbox 666 3091 855 3176; x_wconf 77' lang='grc' dir='ltr'><strong>εὐτράπελος</strong></span> <span class='ocrx_word' id='word_1_207' title='bbox 885 3091 1002 3154; x_wconf 88' lang='grc' dir='ltr'><strong>δοκέειν</strong></span> <span class='ocrx_word' id='word_1_208' title='bbox 1034 3094 1172 3174; x_wconf 88' lang='grc' dir='ltr'><strong>μεμαὼς,</strong></span> <span class='ocrx_word' id='word_1_209' title='bbox 1199 3090 1270 3176; x_wconf 87' lang='grc' dir='ltr'><strong>μάλ’</strong></span> 
     </span>
     <span class='ocr_line' id='line_1_32' title="bbox 361 3199 1096 3242; baseline -0.003 -4"><span class='ocrx_word' id='word_1_210' title='bbox 361 3219 364 3226; x_wconf 86' lang='lat'>·</span> <span class='ocrx_word' id='word_1_211' title='bbox 970 3199 1046 3238; x_wconf 91' lang='grc' dir='ltr'><strong>ακου</strong></span> <span class='ocrx_word' id='word_1_212' title='bbox 1072 3199 1096 3242; x_wconf 87' lang='grc' dir='ltr'><strong>ς.</strong></span> 
     </span>
     <span class='ocr_line' id='line_1_33' title="bbox 360 3200 1209 3345; baseline -0.002 -21"><span class='ocrx_word' id='word_1_213' title='bbox 360 3258 427 3326; x_wconf 88' lang='lat' dir='ltr'><strong>KB.</strong></span> <span class='ocrx_word' id='word_1_214' title='bbox 443 3258 505 3342; x_wconf 78' lang='grc' dir='ltr'><strong>Τῆς</strong></span> <span class='ocrx_word' id='word_1_215' title='bbox 530 3259 729 3342; x_wconf 75' lang='grc' dir='ltr'><strong>ὀργιζομένης</strong></span> <span class='ocrx_word' id='word_1_216' title='bbox 751 3260 870 3345; x_wconf 83' lang='grc' dir='ltr'><strong>ἀλόχου</strong></span> <span class='ocrx_word' id='word_1_217' title='bbox 895 3261 935 3343; x_wconf 84' lang='grc' dir='ltr'><strong>μὴ</strong></span> <span class='ocrx_word' id='word_1_218' title='bbox 961 3200 1071 3322; x_wconf 70' lang='grc' dir='ltr'><strong>δείδιδΤ</strong></span> <span class='ocrx_word' id='word_1_219' title='bbox 1093 3258 1209 3342; x_wconf 82' lang='grc' dir='ltr'><strong>φωνὰς.</strong></span> 
     </span>
     <span class='ocr_line' id='line_1_34' title="bbox 443 3343 1224 3430; baseline -0.003 -22"><span class='ocrx_word' id='word_1_220' title='bbox 443 3343 523 3408; x_wconf 82' lang='grc' dir='ltr'><strong>Εδτε</strong></span> <span class='ocrx_word' id='word_1_221' title='bbox 545 3347 578 3407; x_wconf 85' lang='grc' dir='ltr'><strong>τὸ</strong></span> <span class='ocrx_word' id='word_1_222' title='bbox 598 3345 677 3426; x_wconf 79' lang='grc' dir='ltr'><strong>θῆλυ</strong></span> <span class='ocrx_word' id='word_1_223' title='bbox 699 3350 769 3428; x_wconf 80' lang='grc' dir='ltr'><strong>γοᾷ,</strong></span> <span class='ocrx_word' id='word_1_224' title='bbox 791 3344 934 3430; x_wconf 82' lang='grc' dir='ltr'><strong>δακρύοις</strong></span> <span class='ocrx_word' id='word_1_225' title='bbox 950 3346 1065 3428; x_wconf 77' lang='grc' dir='ltr'><strong>ἵστησιν</strong></span> <span class='ocrx_word' id='word_1_226' title='bbox 1085 3343 1224 3427; x_wconf 84' lang='grc' dir='ltr'><strong>ἔνεδραν.</strong></span> 
     </span>
     <span class='ocr_line' id='line_1_35' title="bbox 359 3427 1271 3515; baseline -0.003 -21"><span class='ocrx_word' id='word_1_227' title='bbox 359 3428 423 3494; x_wconf 88' lang='grc' dir='ltr'><strong>ΚΓ.</strong></span> <span class='ocrx_word' id='word_1_228' title='bbox 442 3427 515 3497; x_wconf 87' lang='grc' dir='ltr'><strong>Τοῖς</strong></span> <span class='ocrx_word' id='word_1_229' title='bbox 535 3429 622 3498; x_wconf 80' lang='grc' dir='ltr'><strong>ἰδίοις</strong></span> <span class='ocrx_word' id='word_1_230' title='bbox 640 3430 797 3492; x_wconf 88' lang='grc' dir='ltr'><strong>κτεάτεσσι</strong></span> <span class='ocrx_word' id='word_1_231' title='bbox 811 3430 903 3513; x_wconf 90' lang='grc' dir='ltr'><strong>μόνον</strong></span> <span class='ocrx_word' id='word_1_232' title='bbox 917 3436 996 3515; x_wconf 91' lang='grc' dir='ltr'><strong>χρῶ,</strong></span> <span class='ocrx_word' id='word_1_233' title='bbox 1010 3431 1051 3513; x_wconf 79' lang='grc' dir='ltr'><strong>μὴ</strong></span> <span class='ocrx_word' id='word_1_234' title='bbox 1068 3429 1102 3491; x_wconf 83' lang='grc' dir='ltr'><strong>δὲ</strong></span> <span class='ocrx_word' id='word_1_235' title='bbox 1115 3431 1271 3514; x_wconf 89' lang='grc' dir='ltr'><strong>καταχρῶ.</strong></span> 
     </span>
     <span class='ocr_line' id='line_1_36' title="bbox 445 3512 1202 3598; baseline -0.004 -21"><span class='ocrx_word' id='word_1_236' title='bbox 445 3512 513 3577; x_wconf 92' lang='grc' dir='ltr'><strong>Τῶν</strong></span> <span class='ocrx_word' id='word_1_237' title='bbox 538 3515 621 3576; x_wconf 82' lang='grc' dir='ltr'><strong>ἰδίων</strong></span> <span class='ocrx_word' id='word_1_238' title='bbox 644 3515 816 3598; x_wconf 81' lang='grc' dir='ltr'><strong>δαπανηταὶ</strong></span> <span class='ocrx_word' id='word_1_239' title='bbox 835 3515 994 3577; x_wconf 82' lang='grc' dir='ltr'><strong>ἐπαιτοδσι</strong></span> <span class='ocrx_word' id='word_1_240' title='bbox 1014 3514 1052 3575; x_wconf 82' lang='grc' dir='ltr'><strong>τὰ</strong></span> <span class='ocrx_word' id='word_1_241' title='bbox 1073 3512 1202 3598; x_wconf 81' lang='grc' dir='ltr'><strong>θύρηφι.</strong></span> 
     </span>
     <span class='ocr_line' id='line_1_37' title="bbox 361 3597 1190 3682; baseline -0.007 -18"><span class='ocrx_word' id='word_1_242' title='bbox 361 3597 428 3664; x_wconf 83' lang='grc' dir='ltr'><strong>ΚΔ.</strong></span> <span class='ocrx_word' id='word_1_243' title='bbox 448 3597 609 3681; x_wconf 73' lang='grc' dir='ltr'><strong>Γυμνάίοο</strong></span> <span class='ocrx_word' id='word_1_244' title='bbox 631 3599 671 3681; x_wconf 80' lang='grc' dir='ltr'><strong>μὴ</strong></span> <span class='ocrx_word' id='word_1_245' title='bbox 694 3599 846 3682; x_wconf 80' lang='grc' dir='ltr'><strong>ταρβῆσαι</strong></span> <span class='ocrx_word' id='word_1_246' title='bbox 867 3600 1013 3662; x_wconf 77' lang='grc' dir='ltr'><strong>θανάτοιο</strong></span> <span class='ocrx_word' id='word_1_247' title='bbox 1035 3599 1190 3681; x_wconf 81' lang='grc' dir='ltr'><strong>τελευτὴν,</strong></span> 
     </span>
     <span class='ocr_line' id='line_1_38' title="bbox 437 3678 1274 3768; baseline -0.004 -22"><span class='ocrx_word' id='word_1_248' title='bbox 437 3678 480 3746; x_wconf 87' lang='grc' dir='ltr'>Ἥ</span> <span class='ocrx_word' id='word_1_249' title='bbox 492 3681 524 3765; x_wconf 84' lang='grc' dir='ltr'><strong>γ’</strong></span> <span class='ocrx_word' id='word_1_250' title='bbox 539 3683 635 3766; x_wconf 79' lang='grc' dir='ltr'><strong>ἐσδλὴ</strong></span> <span class='ocrx_word' id='word_1_251' title='bbox 645 3685 686 3768; x_wconf 83' lang='grc' dir='ltr'><strong>μὴ</strong></span> <span class='ocrx_word' id='word_1_252' title='bbox 701 3683 906 3747; x_wconf 80' lang='grc' dir='ltr'><strong>ἐοῖσακακῶν</strong></span> <span class='ocrx_word' id='word_1_253' title='bbox 916 3683 1012 3768; x_wconf 86' lang='grc' dir='ltr'><strong>πέρας</strong></span> <span class='ocrx_word' id='word_1_254' title='bbox 1027 3682 1093 3744; x_wconf 80' lang='grc' dir='ltr'><strong>ἐστί</strong></span> <span class='ocrx_word' id='word_1_255' title='bbox 1096 3703 1154 3766; x_wconf 86' lang='grc' dir='ltr'><strong>περ</strong></span> <span class='ocrx_word' id='word_1_256' title='bbox 1163 3679 1274 3766; x_wconf 82' lang='grc' dir='ltr'><strong>ἔμπης.</strong></span> 
     </span>
    </p>
   </div>
   <div class='ocr_carea' id='block_1_4' title="bbox 0 0 1539 4492">
    <p class='ocr_par' dir='ltr' id='par_1_4' title="bbox 0 0 1539 4492">
     <span class='ocr_line' id='line_1_39' title="bbox 0 0 1539 4492; baseline 0 0"><span class='ocrx_word' id='word_1_257' title='bbox 0 0 1539 4492; x_wconf 95' lang='lat' dir='ltr'><strong> </strong></span> 
     </span>
    </p>
   </div>
  </div>
 </body>
</html>
