3059 4492
653 508 888 632 Aa.-

357 704 489 765 Perfusa
511 704 580 763 fuco
604 722 681 779 quos
704 705 828 763 adulant
851 705 981 777 nomina,

359 790 442 865 Quos
464 789 535 846 lena
555 789 639 846 inani
659 790 743 847 fama
768 791 871 848 titillat
894 809 975 849 sono.

359 874 519 934 Confectus
541 874 647 945 hostis,
676 894 735 954 non
755 875 924 951 triumphus
947 893 1001 933 nos
1023 874 1116 931 iuvat.

359 959 489 1035 Quidam
513 957 658 1019 Sabinum
681 959 850 1035 perculisse
873 960 961 1018 ludus
984 967 1045 1018 este

358 1044 453 1103 Nulla
472 1052 520 1103 est
541 1043 687 1104 Sabinum
711 1046 875 1121 praeterire
898 1044 1001 1122 gloria.

586 1214 633 1270 14.
674 1214 721 1270 De
740 1215 806 1271 stilo
828 1223 855 1271 ct
876 1215 1048 1271 charactere.

360 1296 582 1359 Sententiarum
606 1317 697 1374 quum
717 1298 856 1375 supellex
878 1297 961 1356 lauta
981 1298 1031 1370 sit,

360 1383 514 1444 Sermonis
536 1384 643 1460 ingens
664 1383 704 1441 sit
724 1383 810 1460 politi
831 1384 918 1459 copia
1019 1441 1023 1452 ,

359 1468 460 1527 Penes
483 1468 623 1540 Latinos,
647 1487 724 1544 quos
746 1476 880 1526 vetustas
906 1487 999 1526 aurea

360 1551 451 1612 Cetos
473 1554 633 1631 magistros
656 1553 844 1630 eloquentiae
867 1553 986 1624 extulit,

360 1639 493 1714 Quorum
518 1658 534 1695 e
556 1639 702 1697 scatebris
725 1638 921 1695 hauriendum
943 1639 983 1696 sit
1002 1636 1058 1694 tibi

359 1724 529 1782 Verborum
549 1742 686 1794 acumen,
708 1723 879 1781 disserendi
901 1722 1085 1780 amoenitas:

360 1808 442 1884 Quid
464 1815 521 1880 est,
545 1807 688 1884 loquendi
709 1808 788 1884 quod
809 1827 920 1866 novum
940 1808 1061 1865 modum
1085 1823 1120 1863 ac
1140 1823 1235 1882 genus

359 1892 472 1951 Incude
493 1893 582 1952 toties
603 1893 734 1952 fabricas
759 1901 811 1950 tua
830 1892 907 1950 tibi?
944 1949 947 1954 ,

359 1979 473 2036 Rerum
496 1979 641 2055 magister
657 1986 687 2035 ct
708 1987 855 2053 tyrannus
875 1977 1008 2035 omnium

361 2062 518 2122 Sermonis
539 2083 614 2123 usns
637 2064 746 2121 artifex
769 2061 922 2120 vernaculi
948 2070 1005 2135 est,

361 2148 421 2223 Qui
442 2156 485 2206 tot
506 2148 658 2224 loquelae,
680 2156 753 2224 quot
773 2167 855 2221 suas,
876 2154 956 2205 rotat
976 2147 1067 2205 vices.

359 2235 400 2291 At
422 2233 563 2292 dictionis
588 2234 765 2310 splendidae
786 2233 926 2310 peritiam

360 2317 458 2376 Latiis
481 2316 623 2375 librorum
645 2318 797 2377 conditam
818 2319 849 2375 in
873 2317 1014 2377 sacrariis

359 2401 433 2460 Non
458 2402 556 2460 sancit
575 2422 660 2475 usus,
683 2404 736 2461 sed
760 2411 880 2462 vetusta
905 2402 1065 2460 auctoritas

359 2487 466 2544 Virum
487 2488 614 2544 Latinae
635 2488 806 2565 principum
828 2487 1029 2563 eloquentiae.

361 2571 422 2631 Sed
445 2572 579 2630 insolens
601 2573 680 2631 hunc
692 2572 807 2630 rancidi
819 2572 894 2631 situs
914 2591 1013 2649 sapor,
1056 2571 1228 2646 [Pulmcn'os
1246 2569 1270 2645 2²]
1379 2591 1380 2598 ¹

360 2657 435 2715 Utut
445 2655 595 2732 loquatur,
606 2658 789 2715 invidentem
806 2657 944 2734 intelligi,
968 2657 1151 2732 [Scaeaepp.
1162 2653 1230 2726 114,
1239 2654 1272 2729 4]

361 2742 580 2818 Morositasque
603 2742 703 2818 pascit
723 2742 824 2800 insani
848 2743 921 2814 stili,

360 2826 509 2884 Promens
534 2828 571 2884 ab
593 2827 655 2884 ima
677 2828 769 2885 verba
791 2845 880 2884 casca
903 2827 1028 2904 origine,

361 2911 421 2968 Vix
442 2911 491 2968 vel
510 2910 652 2988 Cethegis
675 2931 769 2988 gnara
791 2912 931 2970 cinctutis
952 2912 1047 2989 prius.

360 2996 509 3054 Diversus
529 2996 606 3054 alius
626 2997 708 3054 bivio
728 2998 766 3054 ab
790 2997 844 3053 hoc
863 2997 987 3056 flectens
1009 2997 1076 3068 iter,

360 3081 509 3139 Inusitata
529 3082 601 3138 dum
623 3082 718 3153 timet,
743 3081 848 3139 sordes
873 3090 962 3140 amat.
1119 3080 1202 3154 [thid.
1220 3078 1271 3153 13]

360 3170 401 3225 At
423 3165 475 3223 illc
498 3173 579 3225 totus
605 3166 707 3242 pellic,
729 3175 759 3223 et
780 3174 862 3224 totus
885 3185 1010 3237 maeror,

359 3253 463 3308 Arena
483 3252 595 3309 calcem
617 3271 679 3309 non
704 3252 832 3323 habens,
855 3270 952 3328 nugae
975 3268 1087 3322 merae,
1138 3247 1270 3324 [Sueten.

361 3336 512 3395 Inanitate
535 3337 654 3412 plenus,
680 3345 710 3394 et
733 3343 816 3394 satur
837 3335 917 3394 fame
1114 3332 1270 3411 celique]

362 3419 468 3477 Ieiuna
490 3424 583 3480 rerba
603 3422 695 3479 tinnit
714 3421 789 3478 exili
813 3439 895 3480 son0.

360 3504 497 3563 Pruritus
515 3507 606 3564 alium
629 3507 724 3584 tangit
745 3505 859 3564 urticae
881 3523 990 3576 novae,

361 3589 500 3646 Licenter
519 3592 620 3649 audax
643 3600 673 3649 et
689 3591 797 3669 procul
818 3591 946 3649 tralatio.

362 3674 493 3750 Teporis
514 3675 566 3732 ille
587 3684 617 3733 et
639 3676 826 3734 lentitudinis
848 3684 929 3733 metu

362 3759 523 3819 Profundit
543 3778 612 3817 acer
634 3761 775 3819 entheato
799 3760 906 3835 spiritu
