3059 4492
644 528 796 623 „2⁶3-

259 692 451 770 Πλακιάδαι,
471 693 490 776 ἦ
514 693 530 755 ό
552 690 708 763 Στέλαιος.
731 692 760 757 Π
781 689 898 775 άγματ’
922 691 954 762 ἐξ
974 693 1133 778 ἀπραξίας.

259 777 411 844 Πλείονες
429 782 489 840 τῶν
510 773 734 862 Καλλικυρίων.
757 717 809 847 ’θῖς
829 775 917 859 αἶγας
936 777 1050 862 ἀγρίας.

259 861 434 945 Πομφόλοξ
458 860 631 946 άνθρωποτ.
662 858 768 949 Οὐρίιρ
789 861 940 948 φέρεσθαι
957 863 1117 948 πνεόματι.

259 948 336 1031 Πρὶν
356 949 464 1031 λαχεῖν
484 945 522 1009 τὰ
545 945 627 1009 κοίν’
650 947 816 1016 ἀπεσθίεις.
839 944 968 1008 Σκυθῶν
990 947 1113 1031 ἐρημία.

259 1028 754 1117 Πρδςτὸνεόπράοσοντατοῖχον.
777 1028 996 1115 Οὐδ’έλείφθη
1007 1032 1177 1116 πυρφόρος.

259 1115 334 1180 Πτω
360 1116 495 1187 αλαζιόν.
512 1111 601 1178 Ἔστι
619 1117 670 1178 καὶ
693 1122 778 1200 σιγῆς
798 1116 956 1180 ἀκίνδυνον
976 1115 1078 1200 γέρας.

259 1139 419 1284 Πυρβίχην
443 1198 559 1283 βλέπει.
583 1197 720 1283 Πίθηκος
743 1202 907 1268 ἀνάπλεως
929 1201 1110 1285 ψιμμοθίου.

259 1283 446 1369 Σιφνιάζειν.
461 1278 580 1390 Ὥσπερ
605 1284 785 1371 εὐπάρυφος
803 1285 838 1347 ἐκ
859 1284 1034 1368 κωμῳδίας.
1162 1339 1165 1345 ,

259 1368 504 1453 Στρεψίμαλλος.
532 1364 577 1433 οο
599 1369 656 1453 γὰρ
681 1370 780 1439 οὕτως
803 1368 878 1432 οόδὲ
900 1369 1043 1452 κείσομαι
1061 1370 1176 1434 πεσών.

259 1452 359 1516 Σῡκον
381 1453 484 1539 αἰτεῖς.
505 1449 560 1521 Εἰς
579 1450 667 1515 Θεῶν
689 1454 746 1516 ὦτ’
763 1454 871 1539 ἧλθεν.
890 1452 1049 1536 Ἀδμήτου
1072 1453 1175 1537 μέλος.

260 1535 463 1622 Συκοφάντης
481 1535 561 1605 Χῖος
582 1537 759 1602 άποπατῶν.
781 1536 897 1606 Ῥάκος
917 1538 1112 1623 πολυσχιδές.

261 1620 423 1686 Ταντάλου
447 1623 590 1685 τάλαντα.
610 1618 795 1706 Κωρυκαῖος
823 1624 995 1706 ’κροάζετο

260 1703 322 1770 Τὸν
346 1705 480 1769 θέλοντα
502 1707 575 1790 βοῶν
600 1703 721 1770 ἔλαυνε.
745 1704 789 1771 Τδ
811 1649 1008 1775 (θιλοίένειον
1029 1705 1076 1768 οὔ.

260 1787 332 1854 Τῶν
350 1796 440 1873 τριῶν
464 1794 565 1854 κακῶν
588 1791 630 1854 έν.
648 1789 691 1855 ‘A
714 1795 818 1860 κισσὸς
839 1790 904 1875 μετ’
928 1791 1143 1876 Ἀνθεστήρια

252 1871 311 1937 Ὗν
333 1873 438 1959 ὀρίνει.
464 1874 603 1938 Φωκέων
622 1874 762 1939 ἀπόνοια.
787 1874 926 1960 Κοχλίου
950 1875 1023 1962 βίος.

262 1959 393 2026 Φειδίας
416 1965 570 2044 προσῆκεν
595 1961 712 2044 εἰρήνη.
737 1957 850 2023 Κακῶν
873 1961 1023 2043 τρικυμία.

257 2041 313 2113 Ὣς
337 2043 399 2107 ἀπὸ
425 2049 560 2112 σκοπιᾶς.
584 2043 714 2128 Ἀμόνει
743 2045 770 2107 δ’
798 2049 840 2112 ῶς
862 2043 972 2118 ἔοικεν,
992 2046 1012 2126 ἡ
1034 2044 1126 2126 πάγη.

257 2125 313 2197 ’.Ως
338 2125 405 2213 ἔχει
426 2129 529 2190 ποδῶν
553 2129 690 2197 ἕκαστος.
715 2127 928 2211 Πειθανάγκην
950 2126 1133 2211 προστιθεῖς.

253 2207 373 2296 Ὥσπερ
396 2211 543 2298 Ἰβόκειος
563 2214 662 2282 ίππος.
688 2211 847 2298 Ἡρακλῆς
869 2213 1024 2284 ξενίζεται.

557 2300 719 2383 παροιμίαι
741 2299 876 2384 φυσικαί.

258 2380 459 2467 Ἀρχομένοο
485 2381 519 2443 δὲ
540 2382 629 2446 νότου
652 2384 703 2446 καὶ
725 2384 874 2467 λη’γοντος
900 2379 1023 2467 βορέαο.

256 2464 463 2552 Ἀρχομένων
489 2466 599 2530 σικόων
620 2469 670 2530 καὶ
692 2470 854 2551 ληγουσῶν
878 2468 1080 2528 κολοκυντῶν.

260 2549 318 2636 Είη
365 2551 394 2612 οὶ
416 2550 454 2612 τὰ
479 2551 589 2633 μεταξὺ
611 2547 765 2634 Κορίνθου
788 2553 838 2613 καὶ
858 2549 1021 2617 Σικυῶνος.

257 2634 311 2700 Ἐν
331 2575 476 2717 Ιίορόδου
499 2636 585 2719 κοίτη
611 2637 718 2719 σκολιὴ
742 2635 908 2719 κέκρυπται
932 2633 1090 2717 άγρωστις.

260 2718 382 2804 Μηκέτι
402 2719 509 2788 νυκτδς
532 2721 605 2801 ὕειν,
625 2719 647 2806 ᾗ
665 2743 716 2784 κεν
739 2718 823 2783 τέκοι
848 2718 997 2804 ἀγροτέρη
1023 2723 1084 2788 σῦς.

260 2803 381 2887 Μίνθην
406 2803 438 2865 ἐν
457 2805 586 2890 πολέμῳ
607 2807 677 2891 μήτ’
698 2803 795 2881 ἔσθιε,
817 2806 892 2888 μήτε
917 2803 1039 2889 φότεοε.

260 2887 446 2971 Νυκτερινδς
470 2889 581 2974 βορέας
603 2892 699 2975 τρίτον
725 2887 839 2952 οόποτε
860 2888 973 2973 φέγγος
993 2887 1080 2971 ἄητο.

260 2971 386 3058 Μήποτ’
409 2971 462 3036 οἰπ>
485 2975 614 3058 ἠπείρου
639 2975 744 3058 δείσης
764 2973 868 3058 νέφος,
888 2977 932 3042 ῶς
952 2973 1013 3035 ἀπὸ
1034 2972 1148 3038 πόντου

261 3057 438 3144 Χειμῶνος.
461 3057 572 3143 θέρεος
594 3061 628 3122 δὲ
651 3059 702 3122 ἀπ’
727 3059 867 3143 ἠπείροιο
892 3057 1048 3140 μελαίνης.

260 3146 320 3230 Λὶψ
342 3140 457 3225 ἄνεμος
478 3143 556 3228 ταχὺ
578 3143 616 3228 δὴ
638 3143 782 3229 νεφέλας,
805 3141 883 3227 ταχδ
908 3142 939 3204 δ’
959 3138 1064 3222 αίθρια
1083 3144 1177 3205 ποιεῖ.

344 3225 499 3312 Ἀργέστη
525 3227 557 3290 δ’
582 3227 688 3314 ἀνέμῳ
711 3227 788 3290 πᾶα
811 3226 917 3288 ἕπεται
939 3223 1064 3308 νεφέλη.

345 3349 448 3358 --
473 3316 559 3396 φιλεῖ
577 3313 611 3375 δὲ
631 3311 720 3380 νότος
743 3310 819 3396 μετὰ
839 3311 970 3395 πάχνην.

338 3394 484 3464 ’Άπαντα
505 3401 585 3481 γηρᾷ
604 3395 714 3474 τᾶλλα,
735 3397 815 3479 πλὴν
840 3393 936 3470 οἴνου,
958 3390 1072 3476 χρόνῳ.

605 3481 688 3548 Ἀπὸ
710 3480 820 3544 ἐθνῶν.

254 3565 374 3652 Ἀργος
396 3565 526 3649 ἄνυδρον
550 3566 600 3630 ἐὸν
625 3565 745 3629 Δανααὶ
763 3561 860 3626 θέσαν
879 3562 994 3645 Ἀργος
1012 3559 1084 3626 ἔνυδ
1105 3584 1151 3626 ον.

259 3648 313 3721 Εἰς
335 3649 463 3716 Σκῶλον
486 3651 556 3733 μήτ)
579 3651 672 3719 αὐτὸς
695 3647 774 3734 ἴμεν,
798 3647 869 3730 μήτ’
895 3646 981 3731 άλλιρ
1004 3583 1144 3710 ἕπεσθαι.

258 3733 310 3800 Ἐν
336 3736 372 3798 δὲ
394 3732 491 3819 Πάρῳ
517 3738 634 3821 ψυχρὸν
659 3734 713 3819 μὲν
737 3733 834 3817 ὕδωρ,
854 3731 949 3881 καλρη
969 3731 1005 3795 δὲ
1026 3735 1177 3816 γυναῖκες.
1252 3760 1254 3767 ·
