3059 4492
659 509 810 601 -Μ-

281 678 309 739 O
330 677 410 735 mele
429 677 585 736 victorem!
605 678 687 751 quod
706 697 762 738 nos
781 678 944 754 adgressus
965 677 1107 751 inermes,

324 761 415 838 Quod
434 769 487 819 tue
508 781 567 819 non
591 780 663 820 arcu
680 763 814 840 reppulit
834 779 919 819 arma
941 779 1007 820 sno.

281 931 310 989 6.
351 932 391 988 Iu
411 930 540 987 Palicem
561 928 735 988 Oettorinec
757 933 808 989 des
828 931 947 1002 Boebes,
969 931 1194 1008 &quaestines

252 1059 266 1078 ,ό
666 1019 805 1090 poetriae.

209 1071 253 1180 Ὗ
281 1097 430 1157 Pulicelle
452 1098 548 1174 niger,
572 1098 684 1176 nigello
705 1099 815 1171 Pulex,

281 1183 435 1242 incitatior
457 1182 595 1241 haedulis
615 1183 757 1260 petulcis,

281 1269 452 1327 Delicatior
472 1266 605 1326 hinnulis
627 1268 762 1341 tenellis,
814 1311 816 1320 ι

281 1354 374 1412 Docti
395 1371 523 1430 passere
543 1354 671 1427 nequior
693 1353 816 1426 catulli,

282 1437 398 1498 Stellae
419 1436 560 1496 blandior
580 1437 683 1497 albula
699 1438 854 1509 columbe3

283 1523 352 1598 Qua
371 1532 401 1580 te
423 1541 587 1598 prosequar
609 1542 701 1581 aurea
723 1523 868 1581 camena?

282 1607 352 1683 Quo
372 1616 402 1665 te
422 1607 545 1665 nomine
560 1609 743 1684 praedicem,
764 1629 783 1666 o
802 1609 891 1666 beate

281 1693 382 1751 Pulex
402 1692 528 1769 pumile‚
550 1693 700 1769 pumilille
717 1693 840 1752 Pulex?
1016 1761 1019 1768 ¹

240 1799 260 1812 ··
280 1781 330 1838 An
352 1777 443 1853 quod,
461 1796 527 1834 cum
550 1777 625 1837 libet
647 1798 683 1838 os
708 1797 796 1836 meae
817 1775 939 1855 puellae

281 1863 350 1921 Tuo
375 1881 526 1938 purpureo
548 1883 599 1922 ore
621 1863 785 1922 suavierisr

281 1948 368 2019 Mihi,
389 1965 457 2004 cum
477 1946 561 2020 libet,
585 1968 621 2007 os
643 1967 730 2006 meee
750 1947 871 2025 puellae

203 2028 206 2034 ’
283 2034 353 2091 Meo
376 2031 532 2091 nonlicet
553 2053 607 2092 ore
630 2035 786 2094 suaviori?

281 2120 331 2176 An
353 2117 434 2194 quod
454 2131 522 2175 cum
545 2119 637 2178 subiit
657 2119 717 2177 cibi
736 2119 889 2194 voluptas,

283 2201 358 2261 Non
380 2202 412 2259 in
436 2203 615 2278 quadriviis,
635 2222 732 2279 neque
754 2205 926 2282 angiportis

280 2287 415 2346 Plebeos
435 2287 542 2347 avidus
563 2290 646 2347 cibos
667 2289 785 2366 liguris,

283 2370 346 2432 Sed
363 2372 395 2428 iu
416 2371 556 2432 lacteolis
577 2374 677 2435 latens
701 2374 837 2451 papillis,

282 2457 418 2534 Tingeus
438 2457 575 2535 virgineo
597 2478 703 2519 cruore
724 2467 868 2530 rostrum,

281 2542 396 2600 Plenus
419 2544 550 2602 nectaris
578 2552 609 2602 ot
632 2551 717 2603 satur
736 2544 869 2602 recedis:

282 2629 355 2685 Mox
376 2627 594 2687 circumsiliens
616 2629 709 2687 modo
729 2629 788 2684 huc
808 2628 898 2687 modo
921 2629 1003 2702 illuc,

283 2714 384 2771 Meras
407 2711 545 2785 delicias,
568 2730 669 2772 meros
693 2731 822 2784 amores,

282 2796 379 2856 Ludis
405 2797 506 2857 ebrius
530 2798 562 2855 in
584 2798 654 2856 sinu
677 2797 818 2876 puellae?

282 2885 372 2942 Anne
394 2882 471 2956 quod
495 2883 623 2941 Veneris
646 2883 770 2942 satelles
793 2883 890 2956 sudis,

283 2967 405 3025 Vindex
426 2967 584 3025 falsidicae
606 2969 765 3044 malaeque
788 2967 921 3046 linguae,

284 3050 360 3111 Cum
383 3052 505 3128 periura
526 3053 612 3111 Deos
635 3053 738 3131 puella
760 3053 861 3125 laesit,

253 3165 268 3188 s
282 3139 383 3212 Atque
405 3137 552 3196 ulciscere
575 3140 696 3198 saucios
719 3157 852 3211 amores,

283 3222 371 3281 Foris
393 3222 547 3282 morsibus
566 3233 716 3301 appetens
735 3223 887 3283 lacertosi

283 3306 343 3363 Illa
363 3307 396 3364 iu
417 3307 538 3368 insidiis
559 3317 688 3382 morata,
713 3309 773 3368 soli

283 3391 611 3468 Vindictseimminet,
629 3413 664 3453 ac
684 3394 793 3453 terens
816 3393 926 3466 dolori,

284 3473 445 3556 Suspenso
466 3480 628 3538 meditatur
648 3497 749 3557 ungue
770 3487 909 3536 mortem:
1014 3475 1194 3552 [suspectui]

284 3563 332 3622 Tu
355 3565 465 3623 cessim
486 3565 580 3642 fugis,
603 3572 633 3622 ot
654 3565 734 3642 fugis
755 3564 918 3634 recessim3

283 3651 329 3708 Ac
351 3649 539 3708 subsultibus
562 3649 632 3707 hinc
654 3657 684 3707 et
702 3650 773 3707 hinc
792 3649 892 3708 citatis

283 3733 395 3794 Vibras
417 3733 566 3807 cruscula,
590 3743 620 3792 et
638 3734 795 3812 improbae
815 3733 936 3811 puellae
