3059 4492
741 505 877 598 EQ..

359 665 383 730 Γ
386 670 460 751 ρῆύς
482 666 714 751 ἀνακροτέουσα
735 671 834 733 πολύν
856 671 1012 754 κονιορτὸν
1036 670 1157 754 ἐγείρει.

358 751 482 833 Δελφὸς
503 751 579 836 ἀνὴρ
602 752 753 837 στέφανον
767 755 821 838 μὲν
837 753 931 840 ἔχων,
947 755 1021 838 δίψῃ
1041 755 1074 817 δ’
1087 755 1273 827 ἀπολωλώς.

358 835 531 904 Δεξιδνείς
551 836 708 921 ὑπόδημα,
729 839 888 924 ἀριστερὸν
911 840 955 907 είς
973 837 1187 923 ποδόνιπτρον.

357 919 460 1002 Δηρδν
483 922 654 1005 βουλεύειν,
677 922 719 984 ἵν’
744 921 804 1008 ἔχη
824 924 876 986 καὶ
896 924 1013 986 πολλδν
1036 922 1174 1006 ἄμεινον.

359 1003 506 1075 Δίζεσθαι
531 1006 645 1089 βιοτὴν,
664 1007 775 1092 ἀρετὴν
797 1006 829 1085 δ’
855 1008 927 1072 ὅταν
949 1005 970 1090 ᾖ
997 1009 1063 1091 βίος
1085 1005 1183 1073 ἔνδον.

358 1087 460 1151 Δισσὼ
483 1094 585 1152 πτῶκε
612 1091 732 1155 διώκων
757 1091 920 1176 οὐδέτερον
943 1094 1141 1176 καταλήψεις.

358 1172 440 1257 Δίψῃ
463 1172 494 1236 δ’
518 1173 700 1253 ἐξώλλυντο,
724 1177 808 1260 ὕδωρ
833 1176 859 1238 δ’
883 1178 1028 1261 ὑπερεῖχε
1048 1178 1178 1258 γενείου.

357 1256 428 1333 Δὸς,
446 1257 584 1327 δύτεπᾶς
600 1261 616 1322 ύ
631 1261 705 1344 βίος.
721 1261 799 1346 λαβέ
813 1261 843 1323 δ’
855 1261 911 1323 ούκ
928 1261 976 1324 ἐπὶ
989 1263 1094 1324 ναυσὶν
1110 1262 1271 1333 ἀκούσαις.

356 1342 418 1409 Δδς
441 1348 559 1428 πτωχῷ
579 1343 681 1426 ἄρτον,
701 1347 753 1408 καὶ
775 1344 925 1408 κόνδυλον
950 1344 1027 1429 ὄψον
1052 1345 1102 1408 ἐπ’
1130 1347 1226 1432 αὐτῷ.

357 1426 452 1509 Δῶρα
473 1426 566 1495 θεούς
587 1428 687 1491 πείθει
708 1431 759 1492 καὶ
782 1430 920 1497 αἰδοίους
962 1432 1102 1512 ασιλῆας.
1234 1434 1245 1444 ’

355 1507 414 1572 Ἐκ
431 1511 523 1573 πίθου
546 1513 664 1581 ἀντλεῖς
685 1516 790 1597 δῆλον.
812 1515 872 1596 ἐγὼ
887 1517 919 1578 δ’
937 1538 1003 1600 εχω
1016 1514 1077 1599 οὐχ
1091 1514 1159 1582 ἅλις
1171 1514 1269 1584 ὄξεος.

353 1591 407 1656 Ἐν
429 1595 487 1678 γὰρ
510 1595 668 1680 ἀμηχανίῃ
688 1600 740 1660 καὶ
760 1596 911 1681 Καρκίνος
934 1598 1051 1681 ἔμμορε
1071 1604 1169 1682 τιμῆς.

352 1675 405 1741 Ἐν
428 1680 463 1742 δὲ
483 1681 660 1764 δικαιοσύνῃ
685 1684 857 1768 συλλήβδην
877 1684 949 1747 κᾶτ’
974 1684 1067 1767 ἀρετή
1089 1683 1173 1745 ’στίν.

351 1759 403 1826 Ἐν
428 1765 463 1826 δὲ
485 1765 664 1849 διχοστασίῃ
689 1769 738 1829 καὶ
760 1769 917 1849 πάγκακος
941 1765 1059 1852 ἔμμορε
1078 1772 1175 1850 τιμῆς.

351 1844 413 1920 Ἐν1
427 1848 462 1910 δὲ
486 1849 698 1934 διχοστασίησι
718 1853 769 1914 καὶ
785 1852 992 1936 Ἀνδροκλέης
1013 1854 1216 1936 πολεμαρχεῖ.

353 1927 404 1994 Ἐν
429 1933 464 1995 δὲ
486 1933 584 2003 λίθοις
606 1935 771 2020 ἐμάχοντο,
795 1937 880 1998 λίθον
904 1936 935 1999 δ’
957 1938 1015 2000 οὐκ
1033 1935 1071 2020 ἦν
1089 1934 1269 2000 ἀνελέσθαι.

350 2013 403 2078 Ἐν
427 2017 587 2080 σκυτέεσσι
613 2021 744 2103 φορούσ’
770 2017 922 2104 Ἐφεσήϊα
942 2023 1107 2105 γράμματα
1127 2021 1219 2083 καλά.

351 2098 524 2173 Ἐνστάζειν
549 2102 624 2188 ἐρίιρ
640 2109 694 2167 τοῦ
719 2110 775 2188 ζῇν
795 2106 877 2189 ἕνεχ’
901 2107 1005 2188 ὥσπερ
1025 2104 1167 2190 ἄλευρον.

349 2181 495 2268 Ἐίάντης
519 2188 640 2251 λεύσσω
661 2189 777 2272 τούμὸν
800 2192 894 2253 κακὸν
920 2188 1014 2253 ἄλλον
1036 2188 1158 2274 ἔχοντα.

349 2265 515 2339 ἘΕιύκειλε
538 2278 635 2335 κακοῦ
664 2275 761 2358 βουλὴ
784 2277 862 2359 πρὸς
885 2273 1052 2358 ὑπέρτατον
1073 2273 1159 2358 ἄτην.

348 2349 445 2437 Ἔργα
462 2354 551 2434 νέων,
577 2358 686 2441 βουλαὶ
708 2360 742 2421 δὲ
767 2359 881 2440 μέσων,
903 2358 993 2444 εὐχαί
1015 2360 1050 2421 δὲ
1070 2358 1234 2442 γερύντων.

352 2435 484 2507 Ἐσθλδς
504 2440 564 2502 ἐὼν
588 2439 686 2504 ἄλλου
709 2444 788 2506 πολύ
813 2443 985 2527 κρείττονος
1006 2443 1221 2527 ἀντεκύρησεν.

352 2519 520 2605 Εὐδαίμων
548 2522 745 2609 ὁΚύρινθος.
771 2528 832 2610 ἐγὼ
859 2523 889 2590 δ’
918 2526 982 2610 είην
1005 2524 1166 2612 Τενεοίτης.

352 2605 518 2690 Εὐδαίμων
543 2607 714 2694 ὥνθρωπος
738 2613 754 2675 ύ
780 2613 886 2696 μηδενὶ
908 2612 1003 2696 μηδὲν
1026 2613 1171 2697 ὀφείλων.

352 2688 518 2776 Εὐσεβέων
541 2694 683 2757 παίδεσσι
704 2696 741 2758 τὰ
759 2699 849 2772 λιύϊα,
874 2695 1050 2781 δυσσεβίων
1072 2697 1102 2759 δ’
1125 2696 1171 2759 ού.

345 2773 389 2838 Ἣ
413 2776 448 2838 δὲ
468 2777 547 2859 κακὴ
573 2780 669 2863 βουλὴ
697 2786 741 2865 τῷ
764 2781 965 2866 βουλεύσαντι
985 2782 1123 2864 κακίστη.

285 2927 287 2932 ,
343 2857 388 2922 Ἢ
409 2861 449 2944 μὴ
474 2865 567 2944 φῦναι
585 2861 718 2947 ἄριστον,
740 2865 759 2946 ἢ
786 2866 894 2928 αύτίκα
917 2865 1014 2949 φύντα
1033 2866 1189 2949 τελευτᾷν.

341 2941 446 3027 Ἦμος
466 2945 549 3029 ύδωρ
569 2948 692 3031 πνίγῃσι
713 2951 864 3032 φάρυγγα,
885 2951 914 3012 τί
932 2951 983 3012 δεῖ
999 2947 1042 3012 ἔτι
1064 2951 1178 3026 πίνεινς

352 3027 473 3114 Θρέψαι
495 3033 555 3098 τὼς
580 3033 722 3108 λυκιδεῖς,
745 3034 861 3118 θρέψαι
882 3034 984 3110 κύνας,
1015 3036 1095 3097 ὥστε
1115 3035 1263 3118 φάγωντι.

345 3112 423 3177 Ἴσθι
447 3112 627 3178 Ποσειδάων
652 3118 747 3202 ὀρθὰν
768 3119 821 3181 τάν
848 3124 921 3182 ναῦν
945 3119 1137 3182 καταδύσων.

343 3195 528 3283 Ἱπποσύνην
553 3201 695 3264 δεδαῶτοί
717 3225 750 3264 σε
778 3203 819 3286 μὴ
842 3203 931 3286 θέμις
954 3203 1032 3265 ἐστὶν
1055 3205 1179 3267 ἀειδειν.

341 3277 443 3368 Ἵππῳ
464 3286 647 3368 γηράσκοντι
665 3286 702 3348 τά
728 3288 836 3370 μείονα
861 3287 952 3350 κύκλ’
977 3287 1135 3374 ἐπίβαλλε.

343 3363 499 3453 Ἱστοβοῆϊ
519 3368 638 3453 γέροντι
660 3368 731 3453 νέην
751 3372 919 3457 ποτίβαλλε
941 3374 1091 3456 κορύνην.

349 3447 414 3513 Καί
432 3474 467 3515 κε
489 3455 563 3537 γυνὴ
590 3454 680 3540 φέροι
704 3455 813 3540 ἄχθος,
838 3457 907 3519 ἐπεί
925 3478 977 3520 κεν
994 3457 1079 3540 ’ἀνὴρ
1102 3457 1244 3541 ἀναθείη.

348 3530 410 3597 Καὶ
433 3539 583 3618 σφακελοὶ
603 3545 742 3603 ποιοῦσιν
763 3542 943 3625 Ἀθηναίοις
966 3540 1116 3604 ἀτέλειαν.

349 3613 566 3696 Καππάδοκες,
588 3620 700 3707 Κᾶρες,
723 3623 855 3701 Κιλικες,
884 3627 952 3709 τρία
974 3627 1080 3688 κάππα
1101 3627 1238 3690 κάκιστα.

349 3696 474 3768 Κάλλας
494 3702 666 3770 ἐπιστολίου
690 3709 771 3772 πολὺ
793 3709 1052 3794 συστατικύτερύν
1073 3709 1155 3787 ἐστι.
