3059 4492
678 491 739 551 stu

176 673 177 676 ’
254 661 377 736 Opaous
401 679 507 719 omnes
530 658 670 718 Tellumo
687 662 858 736 venabitur,

253 745 360 805 Multis
380 744 478 804 ruinis
501 745 626 804 obrutos
650 764 688 803 ex
709 747 838 806 mortuis

251 832 321 892 Uno
345 829 454 888 relicto
477 829 586 888 nuncio
611 830 776 905 sodalibus,

251 915 500 993 Delphinisigne,
521 914 588 972 fure
609 914 745 974 PunIcae
770 916 855 975 deae.

253 1002 313 1078 Qui
334 1008 422 1059 vasta
442 999 509 1058 ravi
529 999 646 1059 coclitis
670 1001 803 1079 magalia

251 1085 385 1158 Videbit,
409 1086 507 1144 aheno
527 1084 662 1144 maximo
685 1086 790 1163 calpar
812 1087 888 1144 meri

251 1173 345 1230 Manu
367 1171 545 1247 propinans,
566 1171 708 1246 poculum
728 1170 903 1230 hellarium:

251 1255 387 1326 Videbit,
410 1263 440 1313 et
462 1273 539 1330 quae
560 1253 689 1329 liquerat
710 1255 860 1313 cadavera

251 1341 440 1400 Praestanus
462 1345 657 1399 Averruncus
684 1359 834 1398 armorum
855 1341 971 1416 cluens,

252 1427 314 1502 Qui
338 1433 421 1483 rutro
445 1425 563 1483 adunco
584 1425 780 1484 runcinantes
802 1427 913 1500 omnia,

254 1511 388 1570 Nectent
409 1510 536 1568 foratam
559 1518 641 1568 reste
662 1510 806 1586 praedam
827 1513 982 1588 mugilum.

254 1601 353 1670 Atque
377 1595 455 1654 alius
473 1595 564 1652 alium
586 1613 695 1654 saevus
718 1597 849 1673 excipiet
869 1597 954 1656 labor

252 1682 376 1740 Labore
399 1699 517 1755 semper
535 1680 666 1757 pristino
689 1682 832 1740 ferocior.

254 1767 341 1843 Quae
364 1785 423 1822 non
445 1763 615 1840 Charybdis
639 1773 821 1824 mortuorum
843 1767 1026 1844 explebitur,

255 1851 344 1927 Quae
366 1869 425 1908 non
449 1850 594 1926 Erinnys,
619 1851 781 1928 semivirgo
804 1852 913 1924 hestia,

254 1934 339 2009 Quae
362 1953 424 1993 non
447 1933 591 2007 Camena,
614 1936 751 1994 carnifex
777 1936 996 2012 bimembrium,

253 2020 375 2080 Aetolis
395 2026 446 2076 aut
464 2018 596 2092 Curetis,
618 2028 701 2079 artus
723 2021 833 2095 liquier
908 2057 911 2064 ·

254 2105 401 2167 Suadebit
419 2123 494 2163 aura
514 2105 680 2163 flexanimo
700 2105 892 2165 immemores
917 2106 991 2165 cibi:

253 2190 311 2250 Vel
334 2210 424 2266 quam
447 2191 578 2248 ferarum
600 2211 659 2248 non
684 2190 802 2249 fabram
824 2192 999 2264 intuebitur,

254 2281 354 2335 Atrox
375 2294 524 2335 venenum
549 2276 630 2332 farre
652 2275 830 2335 miscentem
852 2285 1015 2349 excetram,

253 2362 420 2435 Fatumque
439 2361 672 2419 monstriforme.
696 2362 751 2420 sed
774 2362 936 2420 miserrimi

255 2445 373 2507 Sortem
391 2453 546 2523 gementes
569 2453 657 2520 atque
678 2445 817 2521 palantes
840 2447 923 2522 paris

254 2529 396 2591 Miscella
417 2549 537 2607 semper
560 2549 626 2588 oum
649 2531 776 2607 polenta
798 2531 933 2589 floccium

252 2618 363 2689 Acina,
383 2616 541 2690 fracesque
559 2616 767 2675 devorabunt:
790 2623 839 2674 ast
861 2634 929 2673 eum

252 2701 361 2760 Herba
383 2710 472 2775 atquc
494 2702 603 2760 Manus
627 2701 792 2760 vindicabit
814 2701 922 2760 obvius

252 2786 455 2845 Nonacriates
479 2787 607 2846 Vinulus
631 2786 758 2863 Trieeps
782 2786 869 2859 deus,

251 2873 292 2930 Et
315 2881 500 2930 mortuorum
518 2891 613 2949 regna
636 2872 801 2931 descendet
823 2890 908 2945 cava,

251 2960 354 3031 Atque
374 2956 504 3014 inferum
526 2957 643 3034 rogabit
661 2958 797 3034 apricum
818 2975 973 3034 augurem,

254 3041 362 3101 Coitus
386 3042 518 3100 virorum
538 3050 568 3099 et
587 3042 766 3100 feminarum
791 3043 957 3112 conscium,

251 3127 378 3188 Umbris
398 3126 494 3184 hianti
517 3128 695 3204 sanguinem
718 3127 866 3203 obsipans
888 3126 972 3185 solo:

251 3211 406 3286 Ensisque
428 3220 498 3269 trux
518 3213 680 3284 munimen,
701 3212 809 3270 inferis
830 3219 952 3282 metum,

252 3297 398 3369 Vibrans,
423 3304 601 3355 trementum
623 3317 756 3354 murmur
776 3296 949 3354 umbrarum
972 3293 1075 3353 audiet

253 3380 377 3442 Gracile
399 3382 513 3440 caduca
530 3382 704 3441 succrotilla
723 3381 837 3454 fabula,

251 3470 353 3542 Atque
374 3467 445 3524 hinc
466 3465 627 3544 Gigantum
650 3486 727 3542 quae
748 3466 878 3525 lacertos
897 3465 1000 3524 insula

217 3613 218 3620 ,
253 3551 424 3629 Confregit,
449 3559 479 3609 et
500 3552 656 3629 Typhonis
678 3558 761 3611 artus
785 3550 954 3625 querqueri.

253 3637 373 3697 Adusta
392 3637 550 3714 flam[m]ia
572 3656 639 3696 cum
658 3655 740 3696 mera
763 3635 894 3711 excipiet
912 3641 991 3693 rate:

255 3723 324 3799 Qua
347 3741 402 3780 rex
421 3721 545 3782 deorum
567 3723 693 3782 informe
716 3721 871 3782 clunarum
892 3737 988 3798 genus
