<?xml version="1.0" encoding="UTF-8"?>
<!DOCTYPE html PUBLIC "-//W3C//DTD XHTML 1.0 Transitional//EN"
    "http://www.w3.org/TR/xhtml1/DTD/xhtml1-transitional.dtd">
<html xmlns="http://www.w3.org/1999/xhtml" xml:lang="en" lang="en">
 <head>
  <title>
</title>
<meta http-equiv="Content-Type" content="text/html;charset=utf-8" />
  <meta name='ocr-system' content='tesseract 3.04.00' />
  <meta name='ocr-capabilities' content='ocr_page ocr_carea ocr_par ocr_line ocrx_word'/>
</head>
<body>
  <div class='ocr_page' id='page_1' title='image "./poemataomnia01scalgoog_0071.png"; bbox 0 0 3059 4492; ppageno 0'>
   <div class='ocr_carea' id='block_1_1' title="bbox 1417 459 1498 519">
    <p class='ocr_par' dir='ltr' id='par_1_1' title="bbox 1417 459 1498 519">
     <span class='ocr_line' id='line_1_1' title="bbox 1417 459 1498 519; baseline -0.012 0"><span class='ocrx_word' id='word_1_1' title='bbox 1417 459 1498 519; x_wconf 76' lang='lat'><strong>67</strong></span> 
     </span>
    </p>
   </div>
   <div class='ocr_carea' id='block_1_2' title="bbox 1314 545 1614 554">
    <p class='ocr_par' dir='ltr' id='par_1_2' title="bbox 1314 545 1614 554">
     <span class='ocr_line' id='line_1_2' title="bbox 1314 545 1614 554; baseline 0 0"><span class='ocrx_word' id='word_1_2' title='bbox 1314 545 1614 554; x_wconf 95' lang='lat' dir='ltr'><strong> </strong></span> 
     </span>
    </p>
   </div>
   <div class='ocr_carea' id='block_1_3' title="bbox 477 628 2341 1896">
    <p class='ocr_par' dir='ltr' id='par_1_3' title="bbox 633 628 2010 706">
     <span class='ocr_line' id='line_1_3' title="bbox 633 628 2010 706; baseline -0.002 -17"><span class='ocrx_word' id='word_1_3' title='bbox 633 634 833 704; x_wconf 81' lang='lat' dir='ltr'>Atque</span> <span class='ocrx_word' id='word_1_4' title='bbox 877 628 1047 706; x_wconf 82' lang='lat' dir='ltr'><strong>gravi</strong></span> <span class='ocrx_word' id='word_1_5' title='bbox 1083 644 1283 685; x_wconf 87' lang='lat' dir='ltr'><strong>rerum</strong></span> <span class='ocrx_word' id='word_1_6' title='bbox 1327 629 1495 688; x_wconf 84' lang='lat' dir='ltr'><strong>fasce</strong></span> <span class='ocrx_word' id='word_1_7' title='bbox 1530 628 1736 687; x_wconf 82' lang='lat' dir='ltr'><strong>levare</strong></span> <span class='ocrx_word' id='word_1_8' title='bbox 1782 647 2010 686; x_wconf 88' lang='lat' dir='ltr'><strong>senem.</strong></span> 
     </span>
    </p>

    <p class='ocr_par' dir='ltr' id='par_1_4' title="bbox 550 708 2196 874">
     <span class='ocr_line' id='line_1_4' title="bbox 550 708 2195 790; baseline -0.002 -14"><span class='ocrx_word' id='word_1_9' title='bbox 550 716 630 776; x_wconf 88' lang='lat' dir='ltr'><strong>Et</strong></span> <span class='ocrx_word' id='word_1_10' title='bbox 667 714 778 772; x_wconf 92' lang='lat' dir='ltr'><strong>tibi</strong></span> <span class='ocrx_word' id='word_1_11' title='bbox 824 708 949 772; x_wconf 80' lang='lat' dir='ltr'><strong>&#39;non</strong></span> <span class='ocrx_word' id='word_1_12' title='bbox 995 714 1244 771; x_wconf 80' lang='lat' dir='ltr'><strong>deerant</strong></span> <span class='ocrx_word' id='word_1_13' title='bbox 1286 715 1423 773; x_wconf 87' lang='lat' dir='ltr'><strong>istis</strong></span> <span class='ocrx_word' id='word_1_14' title='bbox 1467 714 1619 773; x_wconf 84' lang='lat' dir='ltr'><strong>satis</strong></span> <span class='ocrx_word' id='word_1_15' title='bbox 1667 712 1874 789; x_wconf 87' lang='lat' dir='ltr'><strong>ampla</strong></span> <span class='ocrx_word' id='word_1_16' title='bbox 1915 713 2195 790; x_wconf 76' lang='lat' dir='ltr'>gerendis</span> 
     </span>
     <span class='ocr_line' id='line_1_5' title="bbox 633 799 2196 874; baseline -0.001 -16"><span class='ocrx_word' id='word_1_17' title='bbox 633 799 970 872; x_wconf 84' lang='lat' dir='ltr'><strong>Praesidia‚</strong></span> <span class='ocrx_word' id='word_1_18' title='bbox 1013 807 1072 856; x_wconf 90' lang='lat' dir='ltr'><strong>et</strong></span> <span class='ocrx_word' id='word_1_19' title='bbox 1110 806 1390 874; x_wconf 81' lang='lat' dir='ltr'><strong>poterant</strong></span> <span class='ocrx_word' id='word_1_20' title='bbox 1429 800 1592 857; x_wconf 86' lang='lat' dir='ltr'><strong>haec</strong></span> <span class='ocrx_word' id='word_1_21' title='bbox 1625 815 1778 857; x_wconf 87' lang='lat' dir='ltr'><strong>onus</strong></span> <span class='ocrx_word' id='word_1_22' title='bbox 1828 817 1969 856; x_wconf 87' lang='lat' dir='ltr'><strong>esse</strong></span> <span class='ocrx_word' id='word_1_23' title='bbox 2011 806 2196 857; x_wconf 86' lang='lat' dir='ltr'><strong>tuum.</strong></span> 
     </span>
    </p>

    <p class='ocr_par' dir='ltr' id='par_1_5' title="bbox 550 883 2227 1131">
     <span class='ocr_line' id='line_1_6' title="bbox 550 883 2227 959; baseline -0.001 -15"><span class='ocrx_word' id='word_1_24' title='bbox 550 883 709 944; x_wconf 86' lang='lat' dir='ltr'><strong>Nam</strong></span> <span class='ocrx_word' id='word_1_25' title='bbox 747 884 857 942; x_wconf 88' lang='lat' dir='ltr'><strong>tibi</strong></span> <span class='ocrx_word' id='word_1_26' title='bbox 902 885 994 942; x_wconf 88' lang='lat' dir='ltr'><strong>vis</strong></span> <span class='ocrx_word' id='word_1_27' title='bbox 1036 883 1321 959; x_wconf 85' lang='lat' dir='ltr'><strong>prudens,</strong></span> <span class='ocrx_word' id='word_1_28' title='bbox 1370 893 1429 942; x_wconf 88' lang='lat' dir='ltr'><strong>et</strong></span> <span class='ocrx_word' id='word_1_29' title='bbox 1467 903 1687 942; x_wconf 88' lang='lat' dir='ltr'><strong>rerum·</strong></span> <span class='ocrx_word' id='word_1_30' title='bbox 1709 883 2010 942; x_wconf 86' lang='lat' dir='ltr'><strong>maximus</strong></span> <span class='ocrx_word' id='word_1_31' title='bbox 2057 902 2227 957; x_wconf 84' lang='lat' dir='ltr'><strong>usus,</strong></span> 
     </span>
     <span class='ocr_line' id='line_1_7' title="bbox 632 969 1865 1046; baseline 0 -20"><span class='ocrx_word' id='word_1_32' title='bbox 632 969 715 1026; x_wconf 88' lang='lat' dir='ltr'><strong>Et</strong></span> <span class='ocrx_word' id='word_1_33' title='bbox 755 969 1040 1046; x_wconf 88' lang='lat' dir='ltr'><strong>gravibus</strong></span> <span class='ocrx_word' id='word_1_34' title='bbox 1084 969 1243 1027; x_wconf 86' lang='lat' dir='ltr'><strong>curis</strong></span> <span class='ocrx_word' id='word_1_35' title='bbox 1285 969 1431 1027; x_wconf 88' lang='lat' dir='ltr'><strong>utile</strong></span> <span class='ocrx_word' id='word_1_36' title='bbox 1465 977 1676 1045; x_wconf 86' lang='lat' dir='ltr'><strong>pectus</strong></span> <span class='ocrx_word' id='word_1_37' title='bbox 1719 976 1865 1026; x_wconf 87' lang='lat' dir='ltr'><strong>erat.</strong></span> 
     </span>
     <span class='ocr_line' id='line_1_8' title="bbox 550 1053 2046 1131; baseline -0.001 -17"><span class='ocrx_word' id='word_1_38' title='bbox 550 1053 715 1129; x_wconf 82' lang='lat' dir='ltr'><strong>Quas</strong></span> <span class='ocrx_word' id='word_1_39' title='bbox 754 1054 923 1113; x_wconf 88' lang='lat' dir='ltr'><strong>dotes</strong></span> <span class='ocrx_word' id='word_1_40' title='bbox 968 1073 1086 1111; x_wconf 89' lang='lat' dir='ltr'><strong>uno</strong></span> <span class='ocrx_word' id='word_1_41' title='bbox 1126 1054 1345 1114; x_wconf 88' lang='lat' dir='ltr'><strong>clausit</strong></span> <span class='ocrx_word' id='word_1_42' title='bbox 1381 1072 1541 1112; x_wconf 90' lang='lat' dir='ltr'><strong>mors</strong></span> <span class='ocrx_word' id='word_1_43' title='bbox 1585 1055 1758 1131; x_wconf 85' lang='lat' dir='ltr'><strong>nigra</strong></span> <span class='ocrx_word' id='word_1_44' title='bbox 1799 1053 2046 1126; x_wconf 85' lang='lat' dir='ltr'><strong>feretro,</strong></span> 
     </span>
    </p>

    <p class='ocr_par' dir='ltr' id='par_1_6' title="bbox 477 1137 2037 1216">
     <span class='ocr_line' id='line_1_9' title="bbox 477 1137 2037 1216; baseline -0.001 -19"><span class='ocrx_word' id='word_1_45' title='bbox 477 1140 486 1144; x_wconf 71' lang='grc'><strong>”</strong></span> <span class='ocrx_word' id='word_1_46' title='bbox 630 1143 723 1197; x_wconf 91' lang='lat' dir='ltr'><strong>Ac</strong></span> <span class='ocrx_word' id='word_1_47' title='bbox 762 1157 970 1197; x_wconf 87' lang='lat' dir='ltr'><strong>secum</strong></span> <span class='ocrx_word' id='word_1_48' title='bbox 1010 1137 1213 1197; x_wconf 86' lang='lat' dir='ltr'><strong>Patris</strong></span> <span class='ocrx_word' id='word_1_49' title='bbox 1256 1147 1507 1214; x_wconf 87' lang='lat' dir='ltr'><strong>votaque</strong></span> <span class='ocrx_word' id='word_1_50' title='bbox 1550 1155 1840 1216; x_wconf 81' lang='lat' dir='ltr'><strong>spemque</strong></span> <span class='ocrx_word' id='word_1_51' title='bbox 1883 1138 2037 1196; x_wconf 88' lang='lat' dir='ltr'><strong>tulit.</strong></span> 
     </span>
    </p>

    <p class='ocr_par' dir='ltr' id='par_1_7' title="bbox 549 1223 2138 1384">
     <span class='ocr_line' id='line_1_10' title="bbox 549 1223 2138 1300; baseline -0.001 -16"><span class='ocrx_word' id='word_1_52' title='bbox 549 1227 629 1284; x_wconf 91' lang='lat' dir='ltr'><strong>At</strong></span> <span class='ocrx_word' id='word_1_53' title='bbox 665 1243 803 1296; x_wconf 85' lang='lat' dir='ltr'><strong>vos,</strong></span> <span class='ocrx_word' id='word_1_54' title='bbox 848 1244 883 1281; x_wconf 95' lang='lat' dir='ltr'><strong>o</strong></span> <span class='ocrx_word' id='word_1_55' title='bbox 926 1241 1230 1300; x_wconf 79' lang='lat' dir='ltr'><strong>proceres,</strong></span> <span class='ocrx_word' id='word_1_56' title='bbox 1275 1224 1471 1296; x_wconf 86' lang='lat' dir='ltr'><strong>caelo,</strong></span> <span class='ocrx_word' id='word_1_57' title='bbox 1516 1224 1622 1300; x_wconf 83' lang='lat' dir='ltr'><strong>pia</strong></span> <span class='ocrx_word' id='word_1_58' title='bbox 1662 1223 1838 1281; x_wconf 85' lang='lat' dir='ltr'><strong>turba</strong></span> <span class='ocrx_word' id='word_1_59' title='bbox 1876 1231 2138 1300; x_wconf 84' lang='lat' dir='ltr'><strong>recepta,</strong></span> 
     </span>
     <span class='ocr_line' id='line_1_11' title="bbox 630 1307 2044 1384; baseline 0.001 -18"><span class='ocrx_word' id='word_1_60' title='bbox 630 1307 1018 1384; x_wconf 81' lang='lat' dir='ltr'><strong>Principibus</strong></span> <span class='ocrx_word' id='word_1_61' title='bbox 1058 1309 1276 1382; x_wconf 89' lang='lat' dir='ltr'><strong>quibus</strong></span> <span class='ocrx_word' id='word_1_62' title='bbox 1319 1319 1419 1367; x_wconf 89' lang='lat' dir='ltr'><strong>est</strong></span> <span class='ocrx_word' id='word_1_63' title='bbox 1456 1308 1638 1368; x_wconf 86' lang='lat' dir='ltr'><strong>Curia</strong></span> <span class='ocrx_word' id='word_1_64' title='bbox 1674 1316 1838 1365; x_wconf 84' lang='lat' dir='ltr'><strong>recta</strong></span> <span class='ocrx_word' id='word_1_65' title='bbox 1873 1308 2044 1381; x_wconf 83' lang='lat' dir='ltr'><strong>viris,</strong></span> 
     </span>
    </p>

    <p class='ocr_par' dir='ltr' id='par_1_8' title="bbox 551 1392 2125 1555">
     <span class='ocr_line' id='line_1_12' title="bbox 551 1392 2122 1470; baseline 0 -18"><span class='ocrx_word' id='word_1_66' title='bbox 551 1394 729 1452; x_wconf 85' lang='lat' dir='ltr'><strong>Alma</strong></span> <span class='ocrx_word' id='word_1_67' title='bbox 776 1393 993 1469; x_wconf 91' lang='lat' dir='ltr'><strong>quibus</strong></span> <span class='ocrx_word' id='word_1_68' title='bbox 1036 1394 1258 1470; x_wconf 87' lang='lat' dir='ltr'><strong>pietas,</strong></span> <span class='ocrx_word' id='word_1_69' title='bbox 1307 1403 1367 1452; x_wconf 89' lang='lat' dir='ltr'><strong>et</strong></span> <span class='ocrx_word' id='word_1_70' title='bbox 1410 1392 1900 1453; x_wconf 80' lang='lat' dir='ltr'><strong>servantissimus</strong></span> <span class='ocrx_word' id='word_1_71' title='bbox 1944 1394 2122 1468; x_wconf 90' lang='lat' dir='ltr'><strong>aequi</strong></span> 
     </span>
     <span class='ocr_line' id='line_1_13' title="bbox 633 1477 2125 1555; baseline -0.001 -17"><span class='ocrx_word' id='word_1_72' title='bbox 633 1477 892 1555; x_wconf 87' lang='lat' dir='ltr'><strong>Semper</strong></span> <span class='ocrx_word' id='word_1_73' title='bbox 933 1497 1105 1537; x_wconf 88' lang='lat' dir='ltr'><strong>amor</strong></span> <span class='ocrx_word' id='word_1_74' title='bbox 1142 1479 1384 1537; x_wconf 77' lang='lat' dir='ltr'><strong>facilem</strong></span> <span class='ocrx_word' id='word_1_75' title='bbox 1425 1478 1571 1537; x_wconf 86' lang='lat' dir='ltr'><strong>fecit</strong></span> <span class='ocrx_word' id='word_1_76' title='bbox 1611 1478 1689 1536; x_wconf 86' lang='lat' dir='ltr'><strong>ad</strong></span> <span class='ocrx_word' id='word_1_77' title='bbox 1729 1486 1897 1536; x_wconf 85' lang='lat' dir='ltr'><strong>astra</strong></span> <span class='ocrx_word' id='word_1_78' title='bbox 1936 1479 2125 1536; x_wconf 83' lang='lat' dir='ltr'><strong>viam:</strong></span> 
     </span>
    </p>

    <p class='ocr_par' dir='ltr' id='par_1_9' title="bbox 548 1562 2341 1720">
     <span class='ocr_line' id='line_1_14' title="bbox 548 1562 2341 1640; baseline -0.003 -17"><span class='ocrx_word' id='word_1_79' title='bbox 548 1564 822 1640; x_wconf 83' lang='lat' dir='ltr'><strong>Accipite</strong></span> <span class='ocrx_word' id='word_1_80' title='bbox 860 1564 1015 1621; x_wconf 87' lang='lat' dir='ltr'><strong>hanc</strong></span> <span class='ocrx_word' id='word_1_81' title='bbox 1062 1564 1342 1622; x_wconf 85' lang='lat' dir='ltr'><strong>animam.</strong></span> <span class='ocrx_word' id='word_1_82' title='bbox 1389 1583 1514 1622; x_wconf 89' lang='lat' dir='ltr'><strong>non</strong></span> <span class='ocrx_word' id='word_1_83' title='bbox 1559 1571 1653 1622; x_wconf 87' lang='lat' dir='ltr'><strong>est</strong></span> <span class='ocrx_word' id='word_1_84' title='bbox 1694 1581 1768 1620; x_wconf 90' lang='lat' dir='ltr'><strong>ea</strong></span> <span class='ocrx_word' id='word_1_85' title='bbox 1807 1564 2056 1622; x_wconf 87' lang='lat' dir='ltr'><strong>conscia</strong></span> <span class='ocrx_word' id='word_1_86' title='bbox 2097 1562 2341 1638; x_wconf 86' lang='lat' dir='ltr'><strong>culpae..</strong></span> 
     </span>
     <span class='ocr_line' id='line_1_15' title="bbox 627 1646 1861 1720; baseline 0 -15"><span class='ocrx_word' id='word_1_87' title='bbox 627 1649 962 1706; x_wconf 85' lang='lat' dir='ltr'><strong>Immatura</strong></span> <span class='ocrx_word' id='word_1_88' title='bbox 1000 1649 1076 1705; x_wconf 86' lang='lat' dir='ltr'><strong>ad</strong></span> <span class='ocrx_word' id='word_1_89' title='bbox 1116 1668 1230 1708; x_wconf 84' lang='lat' dir='ltr'><strong>vos</strong></span> <span class='ocrx_word' id='word_1_90' title='bbox 1280 1649 1512 1706; x_wconf 84' lang='lat' dir='ltr'><strong>venerit</strong></span> <span class='ocrx_word' id='word_1_91' title='bbox 1551 1648 1661 1706; x_wconf 86' lang='lat' dir='ltr'><strong>illa</strong></span> <span class='ocrx_word' id='word_1_92' title='bbox 1699 1646 1861 1720; x_wconf 88' lang='lat' dir='ltr'><strong>licet,</strong></span> 
     </span>
    </p>

    <p class='ocr_par' dir='ltr' id='par_1_10' title="bbox 547 1729 2235 1896">
     <span class='ocr_line' id='line_1_16' title="bbox 547 1729 2235 1811; baseline -0.002 -18"><span class='ocrx_word' id='word_1_93' title='bbox 547 1734 835 1809; x_wconf 82' lang='lat' dir='ltr'><strong>Accipite.</strong></span> <span class='ocrx_word' id='word_1_94' title='bbox 879 1733 955 1790; x_wconf 88' lang='lat' dir='ltr'><strong>In</strong></span> <span class='ocrx_word' id='word_1_95' title='bbox 1000 1735 1177 1792; x_wconf 88' lang='lat' dir='ltr'><strong>terris</strong></span> <span class='ocrx_word' id='word_1_96' title='bbox 1218 1753 1505 1811; x_wconf 85' lang='lat' dir='ltr'><strong>magnum</strong></span> <span class='ocrx_word' id='word_1_97' title='bbox 1543 1752 1755 1811; x_wconf 85' lang='lat' dir='ltr'><strong>regere</strong></span> <span class='ocrx_word' id='word_1_98' title='bbox 1794 1732 1904 1790; x_wconf 84' lang='lat' dir='ltr'><strong>illa</strong></span> <span class='ocrx_word' id='word_1_99' title='bbox 1947 1729 2235 1792; x_wconf 76' lang='lat' dir='ltr'><strong>Senatum</strong></span> 
     </span>
     <span class='ocr_line' id='line_1_17' title="bbox 629 1817 1968 1896; baseline -0.001 -20"><span class='ocrx_word' id='word_1_100' title='bbox 629 1818 875 1877; x_wconf 87' lang='lat' dir='ltr'><strong>Debuit.</strong></span> <span class='ocrx_word' id='word_1_101' title='bbox 908 1817 974 1874; x_wconf 93' lang='lat' dir='ltr'><strong>in</strong></span> <span class='ocrx_word' id='word_1_102' title='bbox 1020 1838 1239 1896; x_wconf 88' lang='lat' dir='ltr'><strong>magno</strong></span> <span class='ocrx_word' id='word_1_103' title='bbox 1290 1838 1395 1878; x_wconf 85' lang='lat' dir='ltr'><strong>vos</strong></span> <span class='ocrx_word' id='word_1_104' title='bbox 1437 1826 1610 1896; x_wconf 82' lang='lat' dir='ltr'><strong>regat</strong></span> <span class='ocrx_word' id='word_1_105' title='bbox 1650 1818 1759 1876; x_wconf 85' lang='lat' dir='ltr'><strong>illa</strong></span> <span class='ocrx_word' id='word_1_106' title='bbox 1800 1817 1968 1894; x_wconf 92' lang='lat' dir='ltr'><strong>polo.</strong></span> 
     </span>
    </p>
   </div>
   <div class='ocr_carea' id='block_1_4' title="bbox 543 1972 2404 3677">
    <p class='ocr_par' dir='ltr' id='par_1_11' title="bbox 545 1972 2208 2233">
     <span class='ocr_line' id='line_1_18' title="bbox 692 1972 2208 2064; baseline 0.001 -20"><span class='ocrx_word' id='word_1_107' title='bbox 692 1989 749 2045; x_wconf 87' lang='grc'><strong>3.</strong></span> <span class='ocrx_word' id='word_1_108' title='bbox 837 1989 1166 2064; x_wconf 67' lang='lat' dir='ltr'><strong>Epicadion</strong></span> <span class='ocrx_word' id='word_1_109' title='bbox 1208 1989 1446 2046; x_wconf 76' lang='lat' dir='ltr'><strong>Hem-ici</strong></span> <span class='ocrx_word' id='word_1_110' title='bbox 1492 1972 1761 2045; x_wconf 61' lang='lat' dir='ltr'><strong>Castanei</strong></span> <span class='ocrx_word' id='word_1_111' title='bbox 1805 1985 2091 2044; x_wconf 75' lang='lat' dir='ltr'><strong>Ludovicn&#39;</strong></span> <span class='ocrx_word' id='word_1_112' title='bbox 2134 1989 2208 2046; x_wconf 77' lang='lat' dir='ltr'><strong>F.</strong></span> 
     </span>
     <span class='ocr_line' id='line_1_19' title="bbox 548 2071 2191 2147; baseline 0.001 -17"><span class='ocrx_word' id='word_1_113' title='bbox 548 2071 904 2147; x_wconf 81' lang='lat' dir='ltr'><strong>Quicunque</strong></span> <span class='ocrx_word' id='word_1_114' title='bbox 945 2073 1274 2132; x_wconf 88' lang='lat' dir='ltr'><strong>immensos</strong></span> <span class='ocrx_word' id='word_1_115' title='bbox 1317 2072 1543 2131; x_wconf 90' lang='lat' dir='ltr'><strong>moliris</strong></span> <span class='ocrx_word' id='word_1_116' title='bbox 1592 2079 1792 2129; x_wconf 91' lang='lat' dir='ltr'><strong>mente</strong></span> <span class='ocrx_word' id='word_1_117' title='bbox 1828 2071 2191 2146; x_wconf 71' lang='lat' dir='ltr'><strong>triumphoS,</strong></span> 
     </span>
     <span class='ocr_line' id='line_1_20' title="bbox 545 2154 2028 2233; baseline -0.004 -15"><span class='ocrx_word' id='word_1_118' title='bbox 545 2157 796 2218; x_wconf 89' lang='lat' dir='ltr'><strong>Absiste</strong></span> <span class='ocrx_word' id='word_1_119' title='bbox 839 2157 1075 2216; x_wconf 87' lang='lat' dir='ltr'><strong>insanis</strong></span> <span class='ocrx_word' id='word_1_120' title='bbox 1122 2157 1306 2233; x_wconf 85' lang='lat' dir='ltr'><strong>(vana</strong></span> <span class='ocrx_word' id='word_1_121' title='bbox 1347 2164 1441 2216; x_wconf 90' lang='lat' dir='ltr'><strong>est</strong></span> <span class='ocrx_word' id='word_1_122' title='bbox 1483 2157 1731 2232; x_wconf 87' lang='lat' dir='ltr'><strong>fiducia)</strong></span> <span class='ocrx_word' id='word_1_123' title='bbox 1776 2154 2028 2230; x_wconf 83' lang='lat' dir='ltr'><strong>caeptis.</strong></span> 
     </span>
    </p>

    <p class='ocr_par' dir='ltr' id='par_1_12' title="bbox 543 2239 2305 2403">
     <span class='ocr_line' id='line_1_21' title="bbox 546 2239 2305 2320; baseline 0 -22"><span class='ocrx_word' id='word_1_124' title='bbox 546 2241 813 2317; x_wconf 80' lang='lat' dir='ltr'><strong>Quisque</strong></span> <span class='ocrx_word' id='word_1_125' title='bbox 856 2244 997 2301; x_wconf 87' lang='lat' dir='ltr'><strong>su&#39;as</strong></span> <span class='ocrx_word' id='word_1_126' title='bbox 1043 2261 1325 2320; x_wconf 88' lang='lat' dir='ltr'><strong>urgemus</strong></span> <span class='ocrx_word' id='word_1_127' title='bbox 1370 2260 1552 2318; x_wconf 84' lang='lat' dir='ltr'><strong>opes:</strong></span> <span class='ocrx_word' id='word_1_128' title='bbox 1590 2260 1702 2318; x_wconf 90' lang='lat' dir='ltr'><strong>spe</strong></span> <span class='ocrx_word' id='word_1_129' title='bbox 1747 2239 2016 2297; x_wconf 85' lang='lat' dir='ltr'><strong>maxima</strong></span> <span class='ocrx_word' id='word_1_130' title='bbox 2053 2240 2215 2298; x_wconf 85' lang='lat' dir='ltr'><strong>facta</strong></span> <span class='ocrx_word' id='word_1_131' title='bbox 2302 2270 2305 2279; x_wconf 45' lang='lat' dir='ltr'>v</span> 
     </span>
     <span class='ocr_line' id='line_1_22' title="bbox 543 2324 2189 2403; baseline 0.001 -18"><span class='ocrx_word' id='word_1_132' title='bbox 543 2326 979 2402; x_wconf 88' lang='lat' dir='ltr'><strong>Praecipimus.</strong></span> <span class='ocrx_word' id='word_1_133' title='bbox 1024 2345 1184 2386; x_wconf 89' lang='lat' dir='ltr'><strong>mors</strong></span> <span class='ocrx_word' id='word_1_134' title='bbox 1226 2335 1357 2384; x_wconf 85' lang='lat' dir='ltr'><strong>atra</strong></span> <span class='ocrx_word' id='word_1_135' title='bbox 1396 2326 1587 2403; x_wconf 87' lang='lat' dir='ltr'><strong>nigris</strong></span> <span class='ocrx_word' id='word_1_136' title='bbox 1629 2324 2014 2383; x_wconf 80' lang='lat' dir='ltr'><strong>circumvolat</strong></span> <span class='ocrx_word' id='word_1_137' title='bbox 2052 2326 2189 2399; x_wconf 75' lang='lat' dir='ltr'><strong>alie,</strong></span> 
     </span>
    </p>

    <p class='ocr_par' dir='ltr' id='par_1_13' title="bbox 544 2411 2085 2488">
     <span class='ocr_line' id='line_1_23' title="bbox 544 2411 2085 2488; baseline -0.003 -18"><span class='ocrx_word' id='word_1_138' title='bbox 544 2413 623 2470; x_wconf 86' lang='lat' dir='ltr'><strong>Et</strong></span> <span class='ocrx_word' id='word_1_139' title='bbox 664 2430 843 2470; x_wconf 87' lang='lat' dir='ltr'><strong>cursu</strong></span> <span class='ocrx_word' id='word_1_140' title='bbox 888 2411 952 2469; x_wconf 91' lang='lat' dir='ltr'><strong>in</strong></span> <span class='ocrx_word' id='word_1_141' title='bbox 993 2412 1193 2470; x_wconf 89' lang='lat' dir='ltr'><strong>medio</strong></span> <span class='ocrx_word' id='word_1_142' title='bbox 1235 2419 1372 2469; x_wconf 81' lang='lat' dir='ltr'><strong>vota</strong></span> <span class='ocrx_word' id='word_1_143' title='bbox 1412 2411 1766 2488; x_wconf 89' lang='lat' dir='ltr'><strong>imperfecta</strong></span> <span class='ocrx_word' id='word_1_144' title='bbox 1805 2417 2085 2467; x_wconf 88' lang='lat' dir='ltr'><strong>moratur.</strong></span> 
     </span>
    </p>

    <p class='ocr_par' dir='ltr' id='par_1_14' title="bbox 544 2495 2361 2827">
     <span class='ocr_line' id='line_1_24' title="bbox 544 2495 2361 2571; baseline 0 -16"><span class='ocrx_word' id='word_1_145' title='bbox 544 2498 638 2556; x_wconf 85' lang='lat' dir='ltr'><strong>En</strong></span> <span class='ocrx_word' id='word_1_146' title='bbox 680 2497 854 2554; x_wconf 91' lang='lat' dir='ltr'><strong>modo</strong></span> <span class='ocrx_word' id='word_1_147' title='bbox 898 2516 1075 2571; x_wconf 91' lang='lat' dir='ltr'><strong>quem</strong></span> <span class='ocrx_word' id='word_1_148' title='bbox 1118 2496 1393 2556; x_wconf 86' lang='lat' dir='ltr'><strong>sublimis</strong></span> <span class='ocrx_word' id='word_1_149' title='bbox 1436 2515 1613 2570; x_wconf 80' lang='lat' dir='ltr'><strong>apex,</strong></span> <span class='ocrx_word' id='word_1_150' title='bbox 1654 2514 1831 2571; x_wconf 90' lang='lat' dir='ltr'><strong>quem</strong></span> <span class='ocrx_word' id='word_1_151' title='bbox 1871 2495 2036 2552; x_wconf 85' lang='lat' dir='ltr'><strong>clara</strong></span> <span class='ocrx_word' id='word_1_152' title='bbox 2077 2498 2361 2557; x_wconf 89' lang='lat' dir='ltr'><strong>manebat</strong></span> 
     </span>
     <span class='ocr_line' id='line_1_25' title="bbox 548 2579 2218 2658; baseline -0.002 -17"><span class='ocrx_word' id='word_1_153' title='bbox 548 2581 784 2654; x_wconf 84' lang='lat' dir='ltr'><strong>Gloria,</strong></span> <span class='ocrx_word' id='word_1_154' title='bbox 824 2581 927 2656; x_wconf 90' lang='lat' dir='ltr'><strong>qui</strong></span> <span class='ocrx_word' id='word_1_155' title='bbox 969 2582 1158 2658; x_wconf 89' lang='lat' dir='ltr'><strong>gestis</strong></span> <span class='ocrx_word' id='word_1_156' title='bbox 1202 2582 1385 2640; x_wconf 90' lang='lat' dir='ltr'><strong>modo</strong></span> <span class='ocrx_word' id='word_1_157' title='bbox 1426 2583 1631 2652; x_wconf 76' lang='lat' dir='ltr'><strong>rebuS,</strong></span> <span class='ocrx_word' id='word_1_158' title='bbox 1678 2588 1738 2639; x_wconf 88' lang='lat' dir='ltr'><strong>et</strong></span> <span class='ocrx_word' id='word_1_159' title='bbox 1777 2579 1977 2638; x_wconf 89' lang='lat' dir='ltr'><strong>indole</strong></span> <span class='ocrx_word' id='word_1_160' title='bbox 2021 2579 2218 2656; x_wconf 91' lang='lat' dir='ltr'><strong>prima</strong></span> 
     </span>
     <span class='ocr_line' id='line_1_26' title="bbox 549 2665 2118 2743; baseline -0.002 -17"><span class='ocrx_word' id='word_1_161' title='bbox 549 2665 908 2726; x_wconf 86' lang='lat' dir='ltr'><strong>Cunctorum</strong></span> <span class='ocrx_word' id='word_1_162' title='bbox 954 2667 1155 2725; x_wconf 82' lang='lat' dir='ltr'><strong>studia</strong></span> <span class='ocrx_word' id='word_1_163' title='bbox 1192 2675 1252 2724; x_wconf 90' lang='lat' dir='ltr'><strong>et</strong></span> <span class='ocrx_word' id='word_1_164' title='bbox 1295 2685 1437 2743; x_wconf 86' lang='lat' dir='ltr'><strong>spes</strong></span> <span class='ocrx_word' id='word_1_165' title='bbox 1477 2665 1839 2723; x_wconf 81' lang='lat' dir='ltr'><strong>incendebat</strong></span> <span class='ocrx_word' id='word_1_166' title='bbox 1879 2665 2118 2738; x_wconf 87' lang='lat' dir='ltr'><strong>inanes,</strong></span> 
     </span>
     <span class='ocr_line' id='line_1_27' title="bbox 546 2751 2139 2827; baseline -0.002 -17"><span class='ocrx_word' id='word_1_167' title='bbox 546 2751 857 2827; x_wconf 87' lang='lat' dir='ltr'><strong>Exequias</strong></span> <span class='ocrx_word' id='word_1_168' title='bbox 901 2751 1090 2808; x_wconf 86' lang='lat' dir='ltr'><strong>fertur</strong></span> <span class='ocrx_word' id='word_1_169' title='bbox 1126 2752 1385 2824; x_wconf 83' lang='lat' dir='ltr'><strong>iuvenis,</strong></span> <span class='ocrx_word' id='word_1_170' title='bbox 1423 2751 1829 2826; x_wconf 79' lang='lat' dir='ltr'><strong>lacrimasque</strong></span> <span class='ocrx_word' id='word_1_171' title='bbox 1871 2768 2139 2823; x_wconf 80' lang='lat' dir='ltr'><strong>suorum,</strong></span> 
     </span>
    </p>

    <p class='ocr_par' dir='ltr' id='par_1_15' title="bbox 546 2835 2404 3168">
     <span class='ocr_line' id='line_1_28' title="bbox 546 2835 2127 2911; baseline -0.001 -17"><span class='ocrx_word' id='word_1_172' title='bbox 546 2837 623 2894; x_wconf 91' lang='lat' dir='ltr'><strong>Et</strong></span> <span class='ocrx_word' id='word_1_173' title='bbox 664 2836 777 2894; x_wconf 85' lang='lat' dir='ltr'><strong>fati</strong></span> <span class='ocrx_word' id='word_1_174' title='bbox 812 2836 1099 2894; x_wconf 87' lang='lat' dir='ltr'><strong>invidiam</strong></span> <span class='ocrx_word' id='word_1_175' title='bbox 1149 2855 1353 2895; x_wconf 84' lang='lat' dir='ltr'><strong>secum</strong></span> <span class='ocrx_word' id='word_1_176' title='bbox 1392 2835 1592 2893; x_wconf 86' lang='lat' dir='ltr'><strong>trahit.</strong></span> <span class='ocrx_word' id='word_1_177' title='bbox 1636 2835 1867 2911; x_wconf 18' lang='lat' dir='ltr'><strong>Aspice*</strong></span> <span class='ocrx_word' id='word_1_178' title='bbox 1906 2843 2127 2910; x_wconf 89' lang='lat' dir='ltr'><strong>quanto</strong></span> 
     </span>
     <span class='ocr_line' id='line_1_29' title="bbox 548 2916 2404 2998; baseline 0 -19"><span class='ocrx_word' id='word_1_179' title='bbox 548 2920 830 2979; x_wconf 84' lang='lat' dir='ltr'><strong>Defertur</strong></span> <span class='ocrx_word' id='word_1_180' title='bbox 872 2923 1157 2981; x_wconf 86' lang='lat' dir='ltr'><strong>comitum</strong></span> <span class='ocrx_word' id='word_1_181' title='bbox 1194 2922 1437 2998; x_wconf 84' lang='lat' dir='ltr'><strong>gemitu,</strong></span> <span class='ocrx_word' id='word_1_182' title='bbox 1482 2928 1715 2996; x_wconf 81' lang='lat' dir='ltr'><strong>quanto</strong></span> <span class='ocrx_word' id='word_1_183' title='bbox 1755 2920 1994 2997; x_wconf 85' lang='lat' dir='ltr'><strong>agmine</strong></span> <span class='ocrx_word' id='word_1_184' title='bbox 2035 2939 2314 2998; x_wconf 88' lang='lat' dir='ltr'><strong>pompae.</strong></span> <span class='ocrx_word' id='word_1_185' title='bbox 2388 2916 2404 2957; x_wconf 81' lang='grc'><strong>·’</strong></span> 
     </span>
     <span class='ocr_line' id='line_1_30' title="bbox 551 3005 2107 3083; baseline -0.001 -20"><span class='ocrx_word' id='word_1_186' title='bbox 551 3005 684 3063; x_wconf 90' lang='lat' dir='ltr'><strong>Heu</strong></span> <span class='ocrx_word' id='word_1_187' title='bbox 722 3007 885 3065; x_wconf 90' lang='lat' dir='ltr'><strong>bello</strong></span> <span class='ocrx_word' id='word_1_188' title='bbox 932 3015 1295 3083; x_wconf 87' lang='lat' dir='ltr'><strong>properatus</strong></span> <span class='ocrx_word' id='word_1_189' title='bbox 1330 3007 1553 3078; x_wconf 61' lang='lat' dir='ltr'><strong>houm,</strong></span> <span class='ocrx_word' id='word_1_190' title='bbox 1587 3012 1646 3062; x_wconf 88' lang='lat' dir='ltr'><strong>et</strong></span> <span class='ocrx_word' id='word_1_191' title='bbox 1677 3006 1924 3081; x_wconf 89' lang='lat' dir='ltr'><strong>puberis</strong></span> <span class='ocrx_word' id='word_1_192' title='bbox 1970 3007 2107 3062; x_wconf 84' lang='lat' dir='ltr'><strong>aevi</strong></span> 
     </span>
     <span class='ocr_line' id='line_1_31' title="bbox 551 3090 2020 3168; baseline -0.002 -19"><span class='ocrx_word' id='word_1_193' title='bbox 551 3091 783 3149; x_wconf 88' lang='lat' dir='ltr'><strong>Tristes</strong></span> <span class='ocrx_word' id='word_1_194' title='bbox 825 3092 1157 3168; x_wconf 73' lang='lat' dir='ltr'><strong>primitiae!</strong></span> <span class='ocrx_word' id='word_1_195' title='bbox 1217 3091 1417 3149; x_wconf 89' lang='lat' dir='ltr'><strong>Nimis</strong></span> <span class='ocrx_word' id='word_1_196' title='bbox 1459 3090 1758 3150; x_wconf 88' lang='lat' dir='ltr'><strong>infaelicis</strong></span> <span class='ocrx_word' id='word_1_197' title='bbox 1804 3090 2020 3166; x_wconf 91' lang='lat' dir='ltr'><strong>ephebi</strong></span> 
     </span>
    </p>

    <p class='ocr_par' dir='ltr' id='par_1_16' title="bbox 550 3175 2054 3251">
     <span class='ocr_line' id='line_1_32' title="bbox 550 3175 2054 3251; baseline -0.003 -18"><span class='ocrx_word' id='word_1_198' title='bbox 550 3175 697 3234; x_wconf 85' lang='lat' dir='ltr'><strong>Visa</strong></span> <span class='ocrx_word' id='word_1_199' title='bbox 735 3184 947 3251; x_wconf 81' lang='lat' dir='ltr'><strong>potens</strong></span> <span class='ocrx_word' id='word_1_200' title='bbox 990 3177 1201 3248; x_wconf 88' lang='lat' dir='ltr'><strong>virtus,</strong></span> <span class='ocrx_word' id='word_1_201' title='bbox 1248 3176 1432 3234; x_wconf 85' lang='lat' dir='ltr'><strong>vitam</strong></span> <span class='ocrx_word' id='word_1_202' title='bbox 1469 3175 1523 3234; x_wconf 91' lang='lat' dir='ltr'><strong>si</strong></span> <span class='ocrx_word' id='word_1_203' title='bbox 1560 3176 1687 3232; x_wconf 84' lang='lat' dir='ltr'><strong>fata</strong></span> <span class='ocrx_word' id='word_1_204' title='bbox 1730 3175 2054 3233; x_wconf 85' lang='lat' dir='ltr'><strong>dedissent.</strong></span> 
     </span>
    </p>

    <p class='ocr_par' dir='ltr' id='par_1_17' title="bbox 550 3255 2354 3592">
     <span class='ocr_line' id='line_1_33' title="bbox 550 3255 2150 3336; baseline -0.003 -18"><span class='ocrx_word' id='word_1_205' title='bbox 550 3259 725 3318; x_wconf 86' lang='lat' dir='ltr'><strong>Nunc</strong></span> <span class='ocrx_word' id='word_1_206' title='bbox 762 3279 939 3336; x_wconf 88' lang='lat' dir='ltr'><strong>quem</strong></span> <span class='ocrx_word' id='word_1_207' title='bbox 980 3280 1117 3320; x_wconf 85' lang='lat' dir='ltr'><strong>sera</strong></span> <span class='ocrx_word' id='word_1_208' title='bbox 1158 3280 1375 3320; x_wconf 61' lang='lat' dir='ltr'><strong>senem⁴</strong></span> <span class='ocrx_word' id='word_1_209' title='bbox 1407 3261 1668 3319; x_wconf 86' lang='lat' dir='ltr'><strong>debebat</strong></span> <span class='ocrx_word' id='word_1_210' title='bbox 1706 3260 1914 3317; x_wconf 86' lang='lat' dir='ltr'><strong>laurea</strong></span> <span class='ocrx_word' id='word_1_211' title='bbox 1959 3255 2150 3326; x_wconf 87' lang='lat' dir='ltr'><strong>caelo,</strong></span> 
     </span>
     <span class='ocr_line' id='line_1_34' title="bbox 550 3342 2161 3422; baseline -0.005 -18"><span class='ocrx_word' id='word_1_212' title='bbox 550 3345 813 3404; x_wconf 83' lang='lat' dir='ltr'><strong>Abstulit</strong></span> <span class='ocrx_word' id='word_1_213' title='bbox 857 3354 997 3403; x_wconf 87' lang='lat' dir='ltr'><strong>ante</strong></span> <span class='ocrx_word' id='word_1_214' title='bbox 1041 3347 1221 3419; x_wconf 82' lang='lat' dir='ltr'><strong>diem,</strong></span> <span class='ocrx_word' id='word_1_215' title='bbox 1269 3363 1382 3403; x_wconf 89' lang='lat' dir='ltr'><strong>nec</strong></span> <span class='ocrx_word' id='word_1_216' title='bbox 1419 3346 1604 3422; x_wconf 86' lang='lat' dir='ltr'><strong>longo</strong></span> <span class='ocrx_word' id='word_1_217' title='bbox 1648 3353 1917 3419; x_wconf 77' lang='lat' dir='ltr'><strong>tempore</strong></span> <span class='ocrx_word' id='word_1_218' title='bbox 1953 3342 2161 3396; x_wconf 55' lang='lat' dir='ltr'><strong>fortem</strong></span> 
     </span>
     <span class='ocr_line' id='line_1_35' title="bbox 550 3430 2354 3506; baseline -0.002 -19"><span class='ocrx_word' id='word_1_219' title='bbox 550 3430 747 3490; x_wconf 89' lang='lat' dir='ltr'><strong>Passa</strong></span> <span class='ocrx_word' id='word_1_220' title='bbox 792 3431 912 3488; x_wconf 86' lang='lat' dir='ltr'><strong>frui</strong></span> <span class='ocrx_word' id='word_1_221' title='bbox 949 3432 1246 3503; x_wconf 79' lang='lat' dir='ltr'><strong>iuvenem,</strong></span> <span class='ocrx_word' id='word_1_222' title='bbox 1286 3449 1438 3506; x_wconf 89' lang='lat' dir='ltr'><strong>quos</strong></span> <span class='ocrx_word' id='word_1_223' title='bbox 1482 3449 1592 3504; x_wconf 90' lang='lat' dir='ltr'><strong>spe</strong></span> <span class='ocrx_word' id='word_1_224' title='bbox 1618 3436 2105 3506; x_wconf 58' lang='lat' dir='ltr'><strong>praesumpsi-irat</strong></span> <span class='ocrx_word' id='word_1_225' title='bbox 2145 3448 2354 3496; x_wconf 55' lang='lat' dir='ltr'><strong>annos„</strong></span> 
     </span>
     <span class='ocr_line' id='line_1_36' title="bbox 552 3512 1997 3592; baseline -0.005 -18"><span class='ocrx_word' id='word_1_226' title='bbox 552 3517 637 3574; x_wconf 89' lang='lat' dir='ltr'><strong>Ac</strong></span> <span class='ocrx_word' id='word_1_227' title='bbox 671 3516 913 3592; x_wconf 88' lang='lat' dir='ltr'><strong>generis</strong></span> <span class='ocrx_word' id='word_1_228' title='bbox 956 3516 1158 3574; x_wconf 89' lang='lat' dir='ltr'><strong>titulos</strong></span> <span class='ocrx_word' id='word_1_229' title='bbox 1200 3516 1377 3574; x_wconf 87' lang='lat' dir='ltr'><strong>claris</strong></span> <span class='ocrx_word' id='word_1_230' title='bbox 1423 3515 1755 3573; x_wconf 83' lang='lat' dir='ltr'><strong>extendere</strong></span> <span class='ocrx_word' id='word_1_231' title='bbox 1802 3512 1997 3580; x_wconf 51' lang='lat' dir='ltr'><strong>factis·5</strong></span> 
     </span>
    </p>

    <p class='ocr_par' dir='ltr' id='par_1_18' title="bbox 556 3598 2225 3677">
     <span class='ocr_line' id='line_1_37' title="bbox 556 3598 2225 3677; baseline -0.004 -18"><span class='ocrx_word' id='word_1_232' title='bbox 556 3598 619 3659; x_wconf 91' lang='lat' dir='ltr'><strong>Si</strong></span> <span class='ocrx_word' id='word_1_233' title='bbox 654 3601 966 3677; x_wconf 89' lang='lat' dir='ltr'><strong>proprium</strong></span> <span class='ocrx_word' id='word_1_234' title='bbox 1013 3602 1195 3660; x_wconf 88' lang='lat' dir='ltr'><strong>decus</strong></span> <span class='ocrx_word' id='word_1_235' title='bbox 1238 3602 1355 3659; x_wconf 89' lang='lat' dir='ltr'><strong>hoc</strong></span> <span class='ocrx_word' id='word_1_236' title='bbox 1392 3599 1734 3658; x_wconf 85' lang='lat' dir='ltr'><strong>voluissent</strong></span> <span class='ocrx_word' id='word_1_237' title='bbox 1775 3616 1909 3656; x_wconf 79' lang='lat' dir='ltr'><strong>esse</strong></span> <span class='ocrx_word' id='word_1_238' title='bbox 1957 3616 2225 3668; x_wconf 60' lang='lat' dir='ltr'><strong>severae„</strong></span> 
     </span>
    </p>
   </div>
   <div class='ocr_carea' id='block_1_5' title="bbox 556 3684 2534 3768">
    <p class='ocr_par' dir='ltr' id='par_1_19' title="bbox 556 3684 2534 3768">
     <span class='ocr_line' id='line_1_38' title="bbox 556 3684 2534 3768; baseline -0.002 -25"><span class='ocrx_word' id='word_1_239' title='bbox 556 3685 721 3760; x_wconf 81' lang='lat' dir='ltr'><strong>Quae</strong></span> <span class='ocrx_word' id='word_1_240' title='bbox 762 3686 915 3745; x_wconf 87' lang='lat' dir='ltr'><strong>fusis</strong></span> <span class='ocrx_word' id='word_1_241' title='bbox 955 3687 1258 3745; x_wconf 87' lang='lat' dir='ltr'><strong>hominum</strong></span> <span class='ocrx_word' id='word_1_242' title='bbox 1294 3687 1654 3762; x_wconf 86' lang='lat' dir='ltr'><strong>dispensant</strong></span> <span class='ocrx_word' id='word_1_243' title='bbox 1695 3684 1844 3756; x_wconf 84' lang='lat' dir='ltr'><strong>fata,</strong></span> <span class='ocrx_word' id='word_1_244' title='bbox 1888 3684 2157 3744; x_wconf 62' lang='lat' dir='ltr'><strong>Sorores„</strong></span> <span class='ocrx_word' id='word_1_245' title='bbox 2350 3732 2479 3768; x_wconf 23' lang='lat' dir='ltr'><strong>&amp;A</strong></span> <span class='ocrx_word' id='word_1_246' title='bbox 2521 3748 2534 3752; x_wconf 49' lang='grc'><strong>-</strong></span> 
     </span>
    </p>
   </div>
   <div class='ocr_carea' id='block_1_6' title="bbox 1881 3783 1965 3840">
    <p class='ocr_par' dir='ltr' id='par_1_20' title="bbox 1881 3783 1965 3840">
     <span class='ocr_line' id='line_1_39' title="bbox 1881 3783 1965 3840; baseline 0 -32"><span class='ocrx_word' id='word_1_247' title='bbox 1881 3783 1965 3840; x_wconf 66' lang='lat'><strong>5*</strong></span> 
     </span>
    </p>
   </div>
  </div>
 </body>
</html>
