3059 4492
720 500 869 592 -3-4...

380 667 534 724 Innocuos
558 684 656 724 mores
680 674 711 723 et
733 667 801 725 sine
822 666 903 752 labe,
923 673 1014 724 notat.

337 751 407 812 Uno
431 758 619 829 argumento,
641 751 759 826 pictura
778 770 907 828 1ne1gn1s
930 771 961 808 1n
984 770 1055 823 una,

381 836 524 896 Culturae
543 843 573 893 et
594 855 711 893 morum
735 837 835 914 signa,
860 835 996 908 Melisse‚
1019 836 1110 912 geris.

496 1005 547 1062 32.
592 1007 631 1063 Ia
651 1003 733 1062 Lilia
756 1007 909 1062 eorundem
928 1007 1093 1080 insignium.

336 1091 419 1151 Lilia
438 1090 646 1166 Francigenae
668 1088 788 1146 fuerant
809 1089 944 1166 insignia
966 1091 1077 1166 gentis,

381 1174 468 1236 Celta
491 1175 539 1233 cni
563 1175 660 1232 victus
684 1173 805 1231 subdita
825 1173 905 1232 colla
924 1174 1015 1231 dedit.

337 1260 428 1321 Nunc
451 1279 498 1332 ea,
520 1260 576 1317 sed
599 1258 723 1316 vixdum
745 1259 858 1318 veteris
881 1259 1069 1338 cognominis
1093 1261 1212 1334 haeres,

359 1407 363 1415 ,
382 1344 536 1406 Confusus
560 1343 686 1401 Francis
707 1343 826 1400 hibrida
849 1343 956 1403 Gallus
980 1344 1088 1404 habet:

337 1433 378 1491 Et
400 1430 485 1489 nullo
507 1429 618 1507 gentis,
643 1427 726 1486 nullo
747 1428 866 1488 virtutis
888 1432 1016 1501 honore,

382 1515 526 1593 Cognatis
549 1513 681 1571 maculat
704 1520 864 1572 stemmata
884 1515 987 1592 prisca
1008 1516 1100 1574 notia.

338 1603 397 1663 Ast
416 1600 471 1658 tibi
494 1598 543 1658 vel
566 1597 679 1674 duplici
699 1606 770 1655 suut
794 1601 995 1670 demutare,
1018 1600 1156 1671 Melissa,

382 1685 471 1759 Quod
492 1686 588 1742 virtus
610 1690 640 1739 et
661 1701 737 1760 gens
762 1686 817 1744 illa
836 1686 947 1744 dedere
970 1683 1034 1744 tibi.

570 1858 620 1916 33.
666 1860 705 1916 Ia
725 1859 886 1933 Imaginem
906 1857 1028 1914 Melissi.

340 1938 470 1999 Caetera
489 1943 624 2000 membra
647 1943 707 1999 mei
730 1942 938 2019 spirantiaque
963 1947 1157 2018 empostae,

381 2025 514 2084 Artificis
535 2027 636 2104 potuit
656 2028 780 2105 pingere
802 2026 891 2086 docta
913 2045 1040 2096 manus3

340 2108 402 2171 Sed
422 2130 536 2186 verum,
559 2120 589 2171 et
610 2113 710 2171 vivum
731 2121 842 2185 vatem,
867 2118 1021 2188 totumque
1041 2109 1212 2181 Melinum,

382 2196 573 2272 Expressum
594 2199 625 2256 in
648 2205 755 2257 nostro
777 2206 900 2274 pectore
927 2196 1055 2272 sculpsit
1074 2213 1169 2254 amor.

401 2365 451 2422 34.
496 2369 697 2426 Illustrissimo
726 2368 852 2426 Domino
880 2367 1006 2424 Hearico
1035 2366 1192 2435 Borboat'o,

624 2452 808 2510 Dambarum
829 2452 970 2526 Potacipi.

342 2532 369 2592 Ο
393 2552 483 2608 quem
504 2544 534 2593 te
558 2536 666 2609 dicam,
691 2537 830 2611 quoniam
853 2536 1004 2594 natalibus
1029 2535 1123 2592 audes

383 2619 483 2677 Altius
506 2621 625 2679 eximiis
649 2621 808 2679 exeruisse
830 2629 929 2696 caput.

342 2701 390 2761 Tu
414 2723 510 2780 genus
534 2704 672 2763 Heroum
696 2706 804 2764 studiis
824 2713 913 2780 atquc
938 2706 1054 2762 artibus
1079 2705 1153 2763 olim

383 2789 513 2847 Missum
534 2809 590 2865 per
611 2790 713 2867 Reges
737 2798 866 2849 stemma
887 2791 981 2848 tueris
1002 2808 1088 2848 avos.

341 2873 382 2933 At
404 2875 511 2946 quibus
533 2874 679 2933 illustreis
706 2884 790 2934 ortus
812 2883 920 2934 natura
941 2875 1073 2951 negavit,

383 2957 443 3017 His
463 2959 558 3018 virtus
580 2960 677 3018 instar
696 2959 860 3019 nobilitatis
884 2960 948 3018 erit.

249 3051 255 3060 ’
341 3043 382 3101 Et
402 3042 473 3100 licet
495 3045 534 3101 ad
553 3045 673 3102 laudem
696 3044 795 3103 cuncti
821 3064 996 3123 grassemur
1017 3043 1146 3101 honesto

385 3127 535 3202 Consilio,
559 3149 675 3188 merces
697 3138 880 3190 nontamen
902 3149 999 3205 aequa
1019 3135 1129 3186 manet.

342 3211 424 3270 Nam
449 3215 544 3274 virtus
568 3215 647 3274 alios
670 3216 810 3274 homines
833 3214 987 3274 Heroibus
1010 3221 1128 3289 aequat,

384 3297 521 3358 Heroum
545 3309 633 3359 natos
655 3300 709 3359 scd
729 3300 813 3358 iubet
833 3319 903 3359 esee
928 3300 1023 3360 Deos.

342 3551 528 3626 Francopum
550 3546 626 3612 nulli
648 3471 765 3634 Regin
789 3472 909 3632 5ξὲἴὲ
924 3553 1086 3615 secundum

387 3635 487 3696 Trans
510 3640 606 3696 maria
628 3642 730 3700 evexit
748 3641 915 3718 relligionis
938 3658 1033 3698 amor.

344 3719 401 3780 Ille
420 3721 594 3799 triumphati
616 3725 721 3800 spoliis
745 3726 880 3786 Orientis
904 3732 1042 3796 onustus,
