3059 4492
740 458 891 554 -332-

359 625 564 702 Aplustrequ'c
585 623 711 699 passim,
732 633 762 683 et
782 627 936 704 explicata
958 645 1103 705 suppara,

360 709 534 768 Phrenetici
556 706 776 784 septentrionis
799 712 936 771 flatibus:

361 797 404 855 At
422 813 476 854 ora
496 794 620 854 solvens
643 795 760 854 enthcis
784 797 991 869 bacchatibus,

363 887 438 939 Ates
456 880 493 937 ab
515 879 585 937 altis
608 898 760 957 pervagae
783 881 871 940 bovis
893 882 972 958 iugis

310 961 345 1015 3⁰
363 963 538 1024 Cassandra
558 963 647 1022 dictis
669 963 736 1022 infit
758 960 972 1026 orsa'talibus.

362 1048 432 1109 Heu
453 1049 513 1107 heu
536 1057 667 1106 cremata
688 1048 862 1126 lacrymosa
880 1051 994 1127 patria;

360 1135 495 1193 Primum
517 1133 635 1209 quidem
656 1133 802 1194 feralibus
824 1136 972 1194 Trinoctii

362 1218 469 1280 Stlatis
492 1219 635 1296 gigantis,
656 1238 708 1276 ore
729 1239 818 1294 quem
839 1222 987 1295 quondam
1003 1240 1059 1280 suo
1080 1240 1086 1246 ’

363 1302 459 1364 Consi
480 1304 599 1363 voravit
620 1321 724 1378 campa
747 1305 909 1364 manduces
933 1308 1029 1379 canis,

311 1387 345 1441 35
363 1390 425 1465 Qui
446 1389 534 1448 vivus
558 1395 643 1446 ustus
663 1397 826 1448 excavatur
847 1391 994 1449 viscerum

361 1474 447 1532 Intra
466 1473 575 1532 lebetis
597 1471 678 1550 ignis
699 1482 839 1549 expertes
859 1475 945 1534 focos
1060 1468 1064 1472 ’

361 1559 474 1617 Formo
495 1576 644 1634 capronas
666 1559 787 1617 uerticis
809 1560 888 1617 fudit
909 1561 990 1631 solo,

362 1643 465 1702 Prolis
487 1648 651 1720 peremtor‚
667 1643 785 1719 patriae
806 1645 904 1720 pestis
927 1663 1027 1702 meae:

363 1729 455 1786 Matri
478 1721 629 1786 secundae
653 1728 705 1803 qui
724 1728 840 1786 volanti
862 1729 988 1806 cuspide

313 1813 348 1867 tc
364 1812 501 1871 Detersit
518 1813 602 1885 uber,
625 1813 715 1886 inque
736 1811 815 1872 Circi
835 1814 960 1890 pulvere

364 1897 611 1973 Quinquertiouis
633 1898 769 1956 membra
784 1899 878 1973 patris
901 1899 1025 1958 sustulit

364 1981 537 2044 Saturnium
559 1982 597 2040 ad
621 2001 775 2055 cacumen,
798 1984 850 2041 ubi
872 1992 955 2042 terra
976 1984 1035 2042 sati

363 2069 506 2127 Formido
531 2086 675 2142 equorum
696 2086 803 2142 cespes
820 2069 944 2127 Ischeni
962 2076 1072 2126 tumet:

364 2152 471 2213 Salsas
493 2152 645 2227 Triquetri
664 2153 714 2227 qui
735 2152 869 2212 latebras
887 2154 1030 2230 aequoris

314 2239 348 2294 45
365 2239 469 2299 Torve
491 2238 680 2296 obsidentem
704 2238 922 2296 semifeminam
944 2237 1049 2319 canem

366 2321 488 2394 Stinxit,
509 2323 626 2400 rapinis
647 2322 850 2380 imminentem
871 2323 997 2398 piscium

366 2407 506 2467 Gumiam
524 2409 617 2466 boum
638 2407 788 2481 leaenam,
809 2408 927 2468 adustis
949 2427 1040 2483 quam
1058 2415 1148 2484 pater

366 2493 521 2566 Membris,
543 2492 674 2552 lucernis
698 2494 869 2569 corporavit
887 2493 997 2570 igneis,

366 2581 494 2638 Mortem
515 2578 596 2636 haud
621 2585 780 2653 paventem
803 2578 886 2637 sedis
906 2578 1024 2636 interae
1046 2576 1151 2635 deam:

316 2667 351 2719 50
368 2662 465 2736 Quem
485 2671 571 2721 caute
591 2663 699 2720 inermi
719 2663 826 2720 fraude
844 2663 993 2738 quondam
1017 2669 1156 2722 mortuus

366 2748 517 2821 Extinxit,
540 2747 611 2806 olim
633 2747 694 2805 iam
717 2746 850 2819 Quietsli
870 2748 1013 2824 agnitum.

366 2832 437 2891 Heu
457 2840 527 2891 tene
546 2851 662 2905 rursus,
684 2828 744 2890 ten'
770 2841 933 2890 crematam
952 2838 1078 2890 contuor

366 2918 487 2976 Vetusti
506 2919 544 2976 ab
566 2919 656 2976 armis
678 2917 784 2990 Aeaci,
808 2926 899 2994 atque
921 2917 1044 2975 Tantali

367 3003 457 3080 Rogo
477 3004 609 3079 sepultis
628 3003 709 3061 intra
731 3003 888 3060 Letrinam
911 3003 1035 3062 ossibus

315 3087 349 3140 55
366 3087 449 3147 Pulli
467 3088 537 3166 igne
560 3089 751 3148 subverbusti
770 3087 809 3144 ad
826 3088 948 3163 impiam
968 3086 1087 3163 dapem,

367 3173 451 3233 Telis
471 3173 593 3233 bubulci
614 3173 739 3233 Teutari
761 3172 944 3232 volucribus.

366 3258 485 3318 Rivalis
506 3279 587 3318 uxor
609 3266 715 3316 cuncta
735 3258 767 3314 in
787 3276 858 3316 oras
879 3257 1015 3329 luminis,

367 3343 489 3421 Legans
512 3351 698 3420 parectatum
716 3343 882 3400 minantem
904 3342 1031 3417 patriae,

365 3428 520 3487 Producat
538 3429 663 3487 efferata
683 3428 789 3504 patriis
809 3427 941 3504 probris,

316 3512 513 3589 canitieque
535 3514 649 3590 nuptiis
670 3513 824 3591 peregrini
846 3512 919 3570 tori:
941 3520 973 3569 at
1001 3587 1004 3594 Ι

369 3596 540 3658 Salubrium
564 3607 632 3657 cata
651 3598 817 3676 unguinum
837 3596 1003 3656 incurabile

367 3682 486 3742 Vulnus
508 3685 608 3742 mariti
631 3684 808 3761 conspicata
830 3683 950 3759 pristini
