3059 4492
633 495 784 594 *iffi-

252 669 359 730 Geuus
379 674 535 738 necantes,
552 666 621 744 lege
641 667 785 725 sanciens
803 673 879 722 rata.

253 756 279 816 Ο
304 761 410 826 mater,
435 771 453 810 o
473 751 593 808 misella
613 758 718 823 mater,
741 768 799 807 nac
819 757 872 807 tua

251 841 334 899 Laus
356 837 506 896 interibitr
535 837 605 910 quin
628 836 730 912 virago
748 834 857 893 Persei

252 924 415 985 Triformis
439 922 521 981 Orca
543 930 573 979 te
592 939 697 983 canem
717 919 915 997 pernoctibus

254 1011 386 1073 Sacram
406 1006 544 1065 efferabit
565 1006 596 1064 iu
620 1006 702 1064 viros
727 1003 900 1075 nictatibus,

254 1097 373 1171 Quique
391 1091 571 1168 imperantis
596 1089 752 1167 Strymoni
776 1087 939 1149 Caniculae

252 1182 392 1242 Delubra
413 1175 570 1252 flam[m]is
593 1195 655 1234 nou
678 1174 781 1234 colent
801 1172 988 1246 ardentibus,

253 1268 421 1326 Pheraeum
446 1262 550 1338 opima
571 1260 663 1318 caede
685 1259 841 1336 placantes
861 1259 958 1316 deam·

254 1351 318 1414 Sed
337 1349 421 1409 busti
441 1347 541 1404 inanis
564 1345 698 1404 insulare
718 1344 864 1419 cespitem

253 1434 394 1512 Pachyni
415 1432 539 1490 habebit
557 1431 686 1503 culmen,
707 1447 745 1486 ex
765 1429 924 1488 insomniis

253 1523 332 1582 Heri
354 1517 488 1577 timentis
513 1515 675 1574 excitatum
698 1514 834 1585 dextera,

255 1609 303 1668 Ad
324 1623 433 1683 purum
457 1601 565 1660 Helori
584 1601 741 1659 funeratae
764 1600 930 1676 marginem

258 1693 320 1770 Qui
339 1691 465 1748 functae
481 1687 511 1744 iu
534 1687 596 1744 oris
615 1686 725 1743 inferet
741 1683 888 1743 libamina

257 1777 381 1838 Triviae
402 1774 535 1832 furorem
557 1771 674 1828 scilicet
693 1769 804 1826 timens
830 1769 916 1839 deae,

257 1861 344 1937 Quod
369 1859 484 1936 primus
509 1857 623 1914 audens
645 1855 729 1913 saxei
752 1854 848 1911 iactus
870 1853 969 1923 nefas,

259 1949 341 2008 Orco
361 1943 493 2022 praeibit
514 1943 576 1998 dux
598 1939 753 1997 inhumani
776 1939 865 1996 sacri.

258 2034 285 2094 0
310 2033 414 2100 frater,
437 2028 554 2085 animae
573 2025 734 2106 plurimum
758 2024 852 2080 frater
872 2041 958 2080 meae

257 2117 390 2188 Dilecta,
412 2113 560 2171 fulmeuta
586 2111 706 2168 aedium
730 2117 821 2183 atque
842 2107 969 2184 patriae,

257 2204 332 2263 Non
353 2202 467 2258 frustra
486 2197 580 2254 tauris
602 2195 721 2253 imbues
744 2193 851 2250 altaria

260 2287 381 2358 Caesis,
404 2290 557 2342 tenentem
579 2278 728 2356 Ophionis
756 2278 865 2336 sedilia

259 2376 418 2433 Veneraus
441 2367 542 2444 opimo
566 2366 752 2423 victimarum
777 2380 910 2420 munere.

233 2453 235 2459 ¹
261 2459 323 2521 Sed
345 2475 416 2514 rura
436 2463 466 2510 te
490 2452 621 2510 vastabit
642 2451 674 2507 in
696 2448 820 2518 natalia,

260 2543 388 2604 Graecis
411 2539 561 2615 vigentem
583 2555 653 2595 rura
674 2534 785 2610 adepta
807 2531 944 2608 gloriam,

258 2629 322 2689 Ubi
345 2626 530 2704 palaestram
553 2622 644 2679 docta
666 2626 761 2676 mater
782 2616 873 2674 Latia

262 2714 346 2775 Olim
368 2712 566 2786 imperantem
587 2705 717 2763 Tartaro
740 2702 865 2760 trudens
888 2719 990 2771 anum,

260 2798 387 2858 Furtiva
409 2793 501 2853 solvit
524 2791 624 2851 vincla
648 2787 854 2866 partitudinis,

262 2882 392 2944 Gumiae
413 2879 512 2936 mariti
534 2875 776 2954 pullimanducas
791 2890 911 2930 caveus

261 2969 377 3046 Epulas
399 2963 557 3034 nefandas,
581 2979 637 3018 nec
658 2959 807 3036 saginavit
828 2957 907 3032 dape

262 3055 384 3124 Alvum,
406 3050 504 3107 faceta
526 3047 658 3124 glutiens
682 3061 789 3103 saxum
810 3041 876 3098 vice

264 3136 499 3201 Suffarcinatum
520 3131 664 3190 mollibus
687 3126 856 3198 cunabulis,

263 3223 364 3283 Prolis
384 3219 555 3298 sepulcrum
578 3217 664 3274 triste
688 3213 848 3272 semiferus
870 3227 955 3268 suae.

263 3309 345 3385 Quin
365 3303 478 3381 templa
499 3302 624 3360 habebis
645 3298 822 3371 insulasque
842 3293 977 3353 Manium

263 3395 438 3454 Verrunous
462 3407 553 3446 aurae
574 3384 745 3462 pestilentis
765 3381 902 3457 Indiges,

262 3480 326 3540 Ubi
347 3482 469 3550 secutus
491 3472 592 3550 Ogygi
611 3469 725 3546 poplos
751 3474 834 3526 satus

265 3564 378 3626 Oracla
399 3558 511 3619 Medici
533 3555 639 3632 Lepsii
662 3550 861 3621 Terminthei,

263 3652 313 3709 Ex
332 3644 510 3724 Ophryneis
531 3650 573 3700 te·
586 3638 765 3717 sepulcretis
788 3652 894 3711 agens,

264 3738 375 3795 Arcem
400 3730 441 3789 ad
463 3726 592 3804 Calydui
613 3725 702 3783 ducet
725 3731 755 3779 et
777 3729 888 3778 terram
910 3718 1042 3787 Aouum,
