3059 4492
728 485 954 578 22„

347 654 427 729 Quid
447 653 528 712 nivei
548 671 661 725 mores,
687 674 841 729 annosque
862 653 1009 713 modestia
1028 673 1160 730 praecox

346 743 427 800 Ante
447 739 568 811 volans,
590 739 663 814 quid
684 741 810 799 serietas
833 740 979 797 maturior
1001 758 1088 811 aevo,

346 829 409 884 Aut
430 823 501 898 quid
522 824 650 900 virginei
671 823 756 884 dotes
776 843 913 882 meruere
933 823 1078 900 pudoris?

348 908 471 970 Omnia‘
484 917 554 968 sunt
577 909 697 986 ingrata
704 931 712 980 ;
738 928 796 966 nec
817 910 912 966 ullum
930 909 1028 986 gratia
1048 927 1162 967 morum

347 995 480 1071 Excipit,
498 1001 550 1051 aut
569 994 678 1070 pietas.
704 1012 853 1071 praeceps
877 995 963 1051 metit
983 995 1082 1052 omnia
1101 994 1222 1053 Fatum.

347 1082 389 1140 At
408 1089 439 1137 te
457 1080 588 1150 felicem,
610 1078 691 1153 quod
711 1097 800 1137 casus
820 1079 933 1156 fugeris
957 1098 1074 1151 omnes,

348 1164 438 1238 Quod
458 1185 521 1222 non
542 1164 675 1221 invidiae
696 1164 837 1240 contagia
860 1164 993 1222 senseris
1013 1163 1086 1236 ulla,

349 1250 440 1326 Quod
463 1268 530 1308 cum
551 1248 687 1306 Fortuna
705 1250 862 1307 minimum
881 1249 1085 1308 contraxeris:
1109 1258 1139 1308 et
1156 1257 1186 1308 tc

347 1336 516 1393 Immunem
539 1334 593 1391 fati
616 1334 765 1394 malefidis
788 1336 879 1394 rebus
903 1334 1073 1410 ademptum

348 1419 487 1479 Oouditio
509 1418 619 1476 melior
642 1419 825 1479 caelestibus
850 1419 953 1476 intulit
975 1420 1074 1478 astris.

348 1503 400 1565 Sis
421 1504 506 1576 felix,
520 1504 666 1578 caelique
687 1505 803 1563 micans
826 1504 991 1580 spectabile
1011 1504 1109 1563 sidus:

349 1587 498 1666 Scaligeri
519 1608 634 1646 memor
657 1598 722 1647 esto
742 1587 787 1647 tui
809 1590 936 1648 senioris
960 1590 1059 1662 amici,

348 1674 485 1733 Dimidia
505 1693 594 1748 quem
617 1682 703 1750 parte
726 1675 773 1733 sui
794 1693 873 1731 nuuc
894 1675 996 1732 vivere
1018 1675 1110 1760 cogis.

349 1846 379 1904 8.
413 1845 588 1920 Epicadium
608 1845 786 1913 nobilissimi,
804 1845 1035 1912 innocentissimi,
1058 1853 1086 1900 ct
1107 1846 1267 1904 doctissimi

569 1931 639 1986 Iani
661 1929 781 1987 Dcnsnc
801 1947 820 1984 n
841 1929 1036 2004 Nocrdwyclc.

347 2012 520 2072 Dousiades
542 2015 649 2072 Musae
673 2013 758 2089 (quid
771 2011 861 2087 ¹enim
882 2013 940 2071 nisi
961 2013 1060 2070 flebile
1079 2014 1209 2090 restati)

390 2098 542 2157 Laetitiae
562 2099 672 2158 vestris
693 2098 805 2156 demite
827 2097 914 2174 signa
936 2097 1038 2156 comis.

347 2184 538 2242 Frondentes
561 2184 668 2242 ederas
690 2184 771 2242 tristi
791 2190 903 2241 mutate
925 2201 1080 2258 cupressu,

393 2267 526 2327 Tondite
547 2269 668 2328 funesta
687 2277 815 2345 pectora
836 2269 917 2325 nuda
936 2286 1036 2324 manu.

350 2352 471 2425 Omnis,
491 2372 568 2427 quae
589 2354 714 2413 Dousae
737 2354 876 2412 nascenti
896 2352 1053 2429 plauserat
1075 2351 1159 2425 olim,
1230 2396 1233 2403 .

391 2438 546 2511 Exequias
569 2439 695 2497 Dousae
717 2440 806 2496 turba
824 2437 1074 2512 frequentarent.
1216 2511 1218 2514 Ι

348 2521 490 2600 Lugduni
513 2523 614 2596 sedes,
637 2531 666 2581 et
689 2523 761 2580 culti
782 2535 877 2584 sacra¹
893 2523 1015 2599 Lycaei,
1128 2523 1264 2604 [Lyceil]

392 2608 433 2664 Et
455 2608 539 2665 varia
558 2609 696 2684 insignes
714 2608 798 2666 urbis
819 2608 857 2665 ab
877 2617 941 2665 arte
962 2608 1028 2678 viri,

294 2701 301 2714 '
349 2691 495 2767 Aspirate
513 2692 591 2751 meis
615 2693 800 2750 accentibus.
819 2693 916 2751 omnis
938 2694 1041 2751 acerbi

391 2775 535 2834 Vulneris
557 2777 699 2854 indignas
722 2778 874 2853 praeferat
897 2797 947 2836 ore
970 2787 1069 2838 notas.

348 2860 495 2921 Publicus
517 2861 652 2920 incessat
673 2862 755 2920 dolor
777 2862 925 2922 omnibus.
952 2864 1061 2923 occidit
1082 2862 1135 2920 ille

391 2945 504 3004 Vester
523 2965 616 3019 amor,
639 2948 733 3007 vestri
754 2966 889 3007 summus
915 2949 1037 3008 honoris
1058 2967 1145 3023 apex.

350 3032 495 3107 Quaeque
513 3028 579 3092 dies
592 3032 738 3107 Dousam,
756 3033 870 3091 mundo
888 3052 1003 3107 quoque
1022 3033 1124 3090 lumen
1139 3033 1264 3108 ademit,

391 3117 542 3177 Noctibus
566 3119 732 3177 innumeris
755 3119 871 3196 nigrius
896 3135 971 3175 ausa
993 3118 1090 3176 nefas.

348 3201 427 3260 Dira
445 3203 522 3277 dies,
543 3223 605 3262 non
628 3211 658 3261 te
677 3203 773 3261 nitido
795 3202 941 3278 produxit
965 3203 1097 3279 Olympo

391 3287 489 3347 Vecta
506 3290 649 3366 pruinoso
670 3287 842 3346 Memnonis
866 3305 924 3346 axe
946 3307 1074 3364 parens:

349 3369 411 3432 Sed
431 3375 486 3432 tibi
508 3374 595 3432 triste
615 3373 702 3431 iubar
723 3372 908 3449 pallentibus
934 3374 1042 3431 extulit
1063 3371 1177 3430 umbris

393 3456 541 3518 Tartareo
564 3459 654 3535 peplo
672 3478 736 3517 nox
756 3458 900 3533 adoperta
919 3467 1018 3533 caput,

349 3539 399 3599 Ne
419 3541 501 3600 foret
519 3544 584 3601 ulla
604 3545 680 3616 dies,
704 3563 767 3602 non
788 3544 836 3601 cui
860 3542 942 3600 dedit
961 3541 1043 3600 Allia
1066 3561 1189 3615 nomen,
1218 3571 1220 3576 ·

393 3623 489 3698 Quam
512 3626 698 3686 detestentur
718 3626 842 3704 publica
865 3635 936 3684 vota
960 3625 1067 3702 magis.

348 3707 471 3788 Quippe
492 3710 566 3786 quid
585 3712 665 3769 inter
683 3719 731 3769 tot
748 3711 903 3786 signantes
923 3717 1060 3783 tempora
1082 3709 1178 3783 luces,
