3059 4492
722 524 741 581 7

317 688 361 750 Ni
383 691 458 748 mihi
478 709 578 751 comes
601 693 721 752 adforet

316 775 382 834 Iste
403 776 556 854 legitimus
579 778 650 836 boni

317 858 485 938 Copulator
504 862 630 922 amoris:

274 944 337 1021 Qui
356 953 440 1004 tuum
465 946 532 1005 eine
550 946 655 1006 liberis

315 1029 368 1089 Ne
388 1031 479 1104 foret,
501 1040 651 1105 metuens,
673 1051 783 1111 genua,

315 1115 470 1176 Floridam
489 1117 546 1174 tibi
566 1117 714 1195 virginem

315 1201 388 1258 Iure
410 1201 550 1260 connubii
572 1202 665 1274 dedit,

317 1284 544 1364 Coniugemque
565 1287 689 1346 dicavit:

273 1370 364 1447 Quae
385 1372 482 1430 bonae
504 1372 620 1430 sobolis
641 1372 740 1447 ferax,

317 1455 429 1531 Qualis
451 1463 503 1514 aut
525 1455 703 1516 Cerealibus

316 1539 413 1616 Spica
433 1541 536 1599 adulta
556 1543 729 1616 novalibus,

313 1629 380 1686 Aut
399 1627 613 1686 Achaemeniis
636 1627 738 1688 virens

315 1709 420 1770 Gitrus
443 1710 539 1768 ardua
558 1712 686 1789 campis,

272 1793 440 1873 coniugem
461 1798 550 1856 toties
571 1803 688 1873 patrem

313 1881 412 1941 Fecit.
434 1881 516 1942 Huic
535 1901 601 1960 ego,
621 1901 688 1940 cum
707 1883 764 1941 tibi

314 1965 412 2043 Virgo
434 1967 562 2025 traditur
580 1968 612 2024 in
635 1987 768 2042 manum,

314 2049 536 2128 Nuptialiaque
559 2052 662 2110 omina

313 2137 394 2195 Iuno
416 2135 530 2195 Oinxia
549 2137 657 2209 sancit,

144 2256 158 2279 .
272 2223 373 2280 Mater
395 2222 475 2279 haud
494 2222 600 2295 semel,
620 2221 727 2296 inquii,

315 2305 380 2367 Sed
399 2327 549 2394 puerpera
568 2307 690 2383 saepius

316 2390 463 2451 Caeteras
483 2393 527 2450 uti
549 2393 684 2451 moribus

314 2477 434 2550 Vincis,
458 2478 616 2535 innumera
638 2495 760 2552 quoque

315 2561 414 2619 Vince
432 2563 520 2638 prole
539 2562 675 2620 maritas.

273 2646 366 2706 Dicta
387 2649 567 2724 comprobat
588 2648 697 2706 exitus.

315 2730 379 2790 Vix
400 2733 482 2810 capit
504 2733 640 2792 sobolem
661 2732 780 2791 domus.

315 2816 382 2897 Iam
404 2819 510 2894 nequit
530 2818 631 2896 digitis
654 2817 719 2875 suis

314 2901 442 2962 Liberos
462 2922 559 2978 neque
582 2904 709 2960 dextera

315 2985 385 3045 Nec
406 2988 531 3046 sinistra
552 2996 672 3064 putare:

274 3071 310 3129 In
332 3072 454 3147 quibus,
477 3073 558 3131 velut
580 3071 736 3148 integer[‚]

314 3155 428 3217 Divitis
451 3158 543 3216 decus
563 3156 685 3229 hortuli,

317 3241 418 3316 Quem
440 3261 496 3301 nec
519 3243 661 3303 Olenium
684 3258 779 3318 pecus

317 3325 459 3401 Proterit‚
481 3347 578 3403 neque
599 3327 732 3402 carpitur

315 3411 425 3490 Ungue
446 3413 591 3472 flosculus
612 3413 687 3484 ullo,

274 3502 365 3559 Anna
386 3499 523 3556 moribus
547 3498 640 3556 enitet

317 3583 454 3641 Educata
473 3583 613 3661 piissime

316 3667 425 3728 Matris
445 3669 477 3727 in
500 3668 615 3745 gremio
637 3687 721 3742 suae,

317 3753 357 3812 Et
377 3753 553 3830 pudicitiam
576 3772 631 3812 suo
