3059 4492
734 517 885 612 Lm—

353 686 439 752 Ἐστι
451 684 554 754 Πόλος
574 685 633 769 πρὸ
652 681 780 746 Πύλοιο.
804 680 908 749 Πόλος
921 703 956 762 γε
970 679 1024 761 μὲν
1042 678 1105 743 ἐστὶ
1115 678 1167 740 καὶ
1177 676 1273 761 άλλη.

352 772 499 855 Ἄβδηρα
519 769 598 852 καλὴ
622 765 724 850 Τηίων
745 767 881 830 ἀποικία.
914 786 916 790 ’

353 856 535 943 Ἀλάβανδα
557 851 671 937 Καρῶν
699 851 904 956 εότοχσστάτη
927 845 1026 914 πόλις.

357 943 474 1004 Δοιῑναι
496 939 550 1022 μὲν
573 938 617 1005 εἰς
629 933 837 1018 Ἐπακτρεων,
863 935 970 1018 λαβεῖν
995 933 1030 996 δὲ
1052 931 1104 1015 μή.

353 1022 413 1093 Εἰς
430 1024 541 1102 Φᾶσιν,
566 1020 642 1084 ἐνθὰ
663 1017 924 1104 ναυσὶνέσχατος
947 1014 1053 1085 πλόος.

356 1107 509 1193 Κόρινθος
531 1108 634 1192 όφροᾷ
655 1125 688 1167 τε
709 1105 761 1167 καὶ
782 1104 981 1180 κοιλαίνεται.

420 1243 424 1252 ,
695 1187 777 1254 Ἀπὸ
799 1189 929 1272 ἀνδρῶν.
952 1241 978 1267 .-

357 1277 500 1361 Αἰσχρθν.
520 1277 648 1347 σιωπᾶν,
670 1273 844 1357 Ἰσοκράτην
869 1270 901 1334 δ’
925 1270 978 1355 ἐᾷν
1001 1267 1111 1350 λέγειν.

356 1361 529 1442 Σοκαμίνον
552 1355 618 1420 ἔσθ’
644 1359 660 1422 ό
686 1357 807 1425 Σύλλας
827 1355 948 1441 ἀλφίτῳ
966 1351 1175 1433 πεπασμένον.

356 1493 361 1504 ,
449 1446 497 1512 [αἱ.
518 1443 553 1500 Α.
573 1442 676 1502 schotti
692 1443 790 1512 αάαρόα
810 1442 970 1494 (ἕτααεοινιιιι
986 1456 1012 1506 ρ.
1031 1436 1103 1503 θθθ.]

349 1617 392 1682 Ὢ
418 1616 498 1692 Τίτε,
521 1617 597 1681 εἴτι
620 1617 727 1702 βοηθῶ
751 1618 824 1701 ἐγὼ,
850 1616 1012 1702 μελεδῶνά
1033 1613 1065 1676 θ’
1086 1614 1224 1696 ὑφαιρῶ,

351 1699 396 1767 Ἦ
418 1703 447 1766 α’
472 1703 547 1778 εόει,
568 1703 620 1766 καὶ
644 1702 749 1785 στήθει
772 1697 1039 1787 ἐνιχριμ[ρ]θεῖσα
1063 1696 1194 1775 δονεόει,

360 1785 462 1852 Τοῦδε
480 1787 510 1851 τί
531 1785 617 1850 ἔσται
637 1785 769 1863 άεθλον;
995 1787 1110 1864 [Οόσννο
1135 1785 1207 1845 cato
1233 1785 1277 1862 1.]

360 1910 414 1982 Είς
434 1914 544 2062 βρότρς
563 1914 740 2061 ἀμρολίαισι
759 1915 794 1978 τὸ
817 1918 876 1976 πᾶν
898 1915 970 1995 ἡμῖν
995 1910 1161 1976 ἀνέσωσεν.

361 1994 408 2062 Οὐ
429 2023 446 2082 η
471 2021 486 2083 ρ
516 1998 564 2081 ὅγ’
588 2022 603 2060 ε
626 1998 712 2081 σοΐης
735 1997 914 2084 ψιθυριστὰς
934 1997 1088 2082 προύθετο
1107 1993 1276 2079 θρόλλους.

361 2079 415 2178 Τιρί
435 2088 486 2146 νῦν
507 2081 600 2173 εὖχος
623 2083 672 2146 ἀεὶ
694 2081 722 2146 τ’
735 2083 848 2166 ἀνδρὸς
867 2082 951 2166 μάλα
971 2082 1022 2146 καὶ
1048 2081 1132 2164 μάλα
1152 2078 1275 2141 θάλλει.

817 2213 819 2215 »
1055 2169 1183 2246 [Ibidem
1210 2165 1277 2242 10.]

358 2247 414 2318 Ὣς
436 2249 487 2313 ὅτε
507 2252 555 2319 τὶς
578 2251 697 2334 νίκησεν
719 2249 875 2334 Ὀλύμπια
898 2251 1047 2317 πολλάκις
1067 2248 1168 2325 ἵππος,

361 2331 484 2398 Νόσσαν
506 2337 567 2420 πάρ
587 2337 739 2420 πυμάτην,
763 2337 780 2399 ό
803 2336 838 2398 δὲ
861 2335 992 2398 παόεται
1014 2333 1245 2418 ἐσχατόγηρως.

1055 2423 1184 2500 [Ibidem
1210 2422 1277 2499 14.]

362 2506 519 2583 Sequentee
533 2509 626 2566 Ennii
637 2527 735 2566 versus
747 2511 901 2567 seeundum
909 2510 1111 2566 correctionem
1119 2506 1276 2583 Sealiqeri.

405 2591 474 2667 Quo
497 2593 583 2652 vobis
605 2601 733 2666 mentes,
756 2601 857 2651 rectae
877 2612 956 2670 quae
979 2601 1061 2652 stare
1083 2593 1222 2652 solebant

362 2673 511 2749 Antehac,
534 2677 689 2735 dementes
714 2697 783 2736 sese
810 2679 922 2736 flexere
943 2677 1061 2736 vietae?

353 2755 395 2819 Ὦ
421 2756 539 2840 ἄνδρες,
561 2761 621 2819 ποῦ
639 2762 690 2820 νῦν
714 2757 798 2862 ἄραρ
821 2759 890 2841 ὑμῖν
912 2759 944 2822 αί
967 2761 1000 2823 τὸ
1022 2757 1170 2841 πάροιθεν

356 2839 482 2926 Ὄρθιαι
504 2840 626 2924 ἤμυσαν
646 2840 755 2926 φρένες
775 2865 909 2927 αρρονες
931 2843 1147 2917 ἐξατονοῦσαις

386 2969 502 3030 ¹Nemo
522 2989 571 3029 me
590 2972 750 3032 lacrumeis
772 2973 901 3046 decoret,
921 2974 1152 3051 nequeFunera
1168 2973 1276 3032 fletom

445 3057 550 3116 Faesit
556 3077 565 3128 3
591 3077 661 3115 nam
682 3058 776 3116 volito
798 3053 876 3116 vivo'
899 3077 1028 3134 perora
1047 3060 1154 3117 virom.

357 3183 362 3194 -
404 3135 501 3221 Μήτις
523 3160 575 3221 μοι
597 3139 761 3222 ’νδακρόοη
786 3140 827 3223 μή
852 3161 885 3202 τε
905 3139 1073 3224 θρηνήτρια
1094 3138 1204 3202 κλαίοι.

443 3222 584 3307 Ἀνδρῶν
606 3223 663 3308 γὰρ
684 3223 818 3307 πέτομαι
840 3223 921 3295 ζωὸς
942 3224 1001 3286 ἀνὰ
1015 3225 1181 3307 στομάτων.
1203 3227 1277 3305 [73]

768 3395 868 3458 Statii.

404 3479 532 3556 Edepol,
558 3489 718 3553 senectus,
731 3481 758 3540 si
780 3481 856 3539 nihil
877 3481 1042 3558 quidquam
1063 3479 1146 3538 aliud
1167 3479 1236 3538 vitii

362 3565 517 3640 Apportes
538 3573 647 3639 tecum,
670 3583 757 3641 quom
783 3566 920 3639 advenis,
936 3585 1028 3624 unum
1051 3566 1082 3624 id
1103 3572 1152 3624 eet
1175 3573 1241 3625 est:

362 3647 425 3708 Diu
444 3648 511 3722 quis
531 3649 660 3709 vivendo
681 3651 785 3724 multa,
808 3669 886 3727 quae
907 3669 968 3708 non
985 3650 1060 3722 volt,
1082 3650 1172 3708 videt.

397 3725 439 3790 Ὦ
457 3731 564 3810 γῆρας,
587 3732 614 3793 εἰ
635 3732 686 3793 καὶ
707 3731 834 3814 προσιὸν
859 3730 949 3794 οὐδὲν
972 3729 1050 3793 ἄλλο
1072 3731 1101 3793 τί
