3059 4492
563 489 566 500 ’
669 490 819 586 ,κω-

301 661 353 722 Ex
376 659 606 738 Epigrammata
632 659 741 718 Itelioo
764 657 976 718 rotundissimi
999 662 1177 738 argumenti.

475 791 478 798 .
639 763 678 802 ex
698 754 846 821 tempore.

279 823 345 910 ἤδη
368 825 506 909 φροῦδον
526 821 580 908 ἔην
603 829 724 910 ψοχρῖγς
746 825 796 889 ἐπὶ
813 825 948 910 χειλτσιν
971 822 1089 909 ἆσθμα,

325 907 357 972 κ’
382 907 419 972 οὐ
446 908 547 993 μακρὴ
567 913 674 992 περιῆν
694 910 777 993 τῇδε
790 909 924 994 θόραζεν
947 908 1035 980 όδός·

282 995 431 1076 όππῆμος
453 996 608 1076 μαλακαῖς
626 993 795 1078 εόωδείησι
818 993 977 1078 φλέγοοσα

326 1076 408 1160 ἄλλη
434 1077 600 1162 δυσπότμῳ
622 1079 706 1164 ψυχὴ
731 1079 924 1161 ὑπηντίασεν.

284 1164 311 1226 ῶ
335 1163 483 1246 γλυκεραὶ
508 1159 642 1239 σύνοδοι,
665 1163 690 1226 ῶ
715 1163 867 1248 σομβολίη
891 1163 1047 1245 ἐρατοινή·

158 1295 159 1332 γ
327 1247 441 1308 δισσῶν
459 1243 499 1328 γά
539 1251 647 1331 ψυχῶν
673 1250 781 1330 ζεῦγος
802 1245 985 1331 ἑναρμόδιον

286 1331 395 1414 δισσὴν
414 1269 581 1415 ἡμετῖραις
602 1331 684 1414 ζωὴν
705 1332 865 1416 κραδίησιν
889 1329 1001 1414 ἔθηκαν

330 1413 385 1478 σὺν
406 1420 445 1497 τῇ
468 1415 599 1500 ἀμοιβαί
639 1418 733 1500 κηρὸς
755 1416 918 1501 ἐπηβολίη.

282 1499 339 1563 καί
354 1521 388 1561 τε
410 1499 511 1562 δοκῶν
533 1440 655 1562 θανῖειν
680 1500 786 1568 δισσὰς
807 1500 910 1585 ψυχὰς
927 1497 1001 1582 μάλ’
1028 1498 1171 1565 ἐπέσπον.

330 1584 383 1647 καὶ
403 1582 552 1646 δοκέοντα
575 1587 627 1666 ζῆν
652 1589 746 1670 μοῖρα
765 1586 851 1692 κίχεν
871 1585 1019 1647 θανοίτοο.

284 1666 1100 1838 ἔμῖῖξῖίῖῖθέξ.ἴῖίῖῖῖῗξῖάῐίάχαῖοῖ

639 1800 648 1830 i
978 1800 987 1830 i

286 1837 398 1906 αἵτινες
420 1836 580 1906 ἀσπασίως
602 1843 643 1922 ψο
668 1839 704 1921 ὴν
727 1838 907 1922 σονδίπλαχ’
931 1839 1063 1914 ἕνωσαν,

334 1922 443 2004 διπλῆν
467 1944 500 1985 τε
523 1923 618 2005 ζωὴν,
643 1861 802 1986 ῖιπλοίσιον
823 1945 856 1985 τε
878 1921 984 2006 μόρον.

328 2095 406 2152 Item
426 2113 465 2152 ex
475 2094 590 2154 Italico.
611 2115 650 2154 ex
665 2105 808 2172 tempore.
837 2091 942 2176 Ψυχὴ,
961 2092 1013 2154 καὶ
1029 2088 1155 2174 Χάρων.

284 2175 327 2243 Χ.
351 2173 479 2260 Χάρων,
501 2174 626 2261 Χαίρων.
659 2175 699 2240 Χ.
723 2177 767 2245 τίς
785 2175 875 2245 οὖτος
898 2175 1038 2260 αδθοῖδης
1057 2177 1133 2260 βοᾷς

285 2262 329 2326 Ψ.
353 2259 459 2329 πιστός
479 2261 510 2343 γ’
536 2260 667 2345 ἐραστὴς
687 2265 740 2344 τῆς
761 2260 858 2344 πέραν
881 2260 1008 2345 χρῄζων
1033 2261 1119 2325 ὁδοῦ.

286 2345 329 2409 Ψ.
353 2350 413 2430 φεῦ
435 2349 490 2428 τῆς
512 2345 655 2444 ἀνάγκης.
677 2347 728 2408 καὶ
751 2347 795 2414 τίς
814 2344 966 2428 αὐθέντης
989 2343 1060 2493 ἔχω,

285 2431 331 2499 τίς
350 2427 495 2536 αὐτόχειρ
519 2436 591 2507 σοῖς
615 2430 656 2494 Ψ.
680 2431 790 2507 δεινὸς,
814 2431 840 2493 ὦ
866 2427 993 2514 Χάρων,

286 2513 329 2580 Χ.
355 2514 452 2598 ἀλλην
474 2516 602 2579 απελθτ.
627 2514 698 2583 τοὺς
724 2515 853 2599 ἐραστὰς
876 2515 912 2578 οὐ
935 2520 1031 2599 περῶ.

286 2601 329 2664 Ψ.
352 2599 464 2682 ταύτην
485 2601 624 2685 παροίσω,
648 2600 702 2683 κῆν
726 2599 833 2683 θέλης,
855 2600 910 2683 κῆν
935 2600 976 2683 μὴ
1000 2599 1109 2684 θέλῃς,

286 2681 401 2768 ταύτην
426 2684 565 2769 παροίσω.
591 2685 643 2748 καὶ
665 2684 722 2768 γὰρ
744 2683 783 2748 αὖ
807 2685 918 2752 τόσους
940 2682 1006 2769 ἔχω

287 2768 435 2854 στεῤῥοδς
457 2769 576 2839 ὀϊστοὺς
594 2774 676 2852 κῆρι,
697 2771 748 2832 καὶ
771 2771 896 2852 γλήναις
917 2771 1019 2855 λίβος,

286 2856 369 2918 ῶστε
391 2854 518 2938 σκάφος,
539 2857 645 2937 κώπην
665 2859 712 2931 τε,
732 2855 783 2917 καὶ
804 2855 912 2938 λίμνην
930 2858 1039 2917 ποιεῖν.

1033 2452 1102 2512 poc.

284 3079 291 3090 x
377 3023 533 3076 Cetherineo
555 3026 602 3076 doe
625 3025 726 3076 Boebes
746 3026 849 3090 puellae
871 3025 1040 3078 Picovienso
1063 3022 1200 3090 (moribus,

442 3094 594 3154 eruditione,
612 3093 696 3143 forme
713 3093 961 3160 praestantissimae)
972 3093 1153 3157 Protreptioon
1168 3093 1203 3141 ed

441 3161 615 3214 christianiss.
633 3163 732 3226 Regem
746 3163 885 3212 Henricum
893 3161 944 3213 111.
962 3161 1062 3211 Gallice
1074 3161 1202 3226 scriptum,

440 3239 466 3279 ot
484 3230 588 3282 Graecis
613 3231 709 3281 lembis
737 3247 751 3280 a
772 3231 884 3296 Iosepho
905 3231 1038 3293 scaligero
1057 3229 1105 3278 Iul.
1128 3227 1202 3278 Ceos.

440 3300 470 3352 Ε.
493 3316 654 3366 expressum.

283 3379 353 3445 τοῖς
375 3376 485 3446 ἀξίοισι
508 3378 666 3448 δεξιωθεῖς
686 3383 746 3442 τῶν
768 3383 866 3463 γερῶν

331 3462 409 3547 πρὸς
427 3467 486 3525 τῶν
509 3463 650 3540 ὀθνείων,
671 3463 748 3548 πρός
765 3487 798 3526 τε
816 3466 975 3547 τηλοορῶν
995 3463 1074 3524 λεῶν

331 3549 491 3632 λαμπρῶς,
515 3547 603 3632 μόλις
625 3549 674 3634 δὴ,
699 3547 812 3634 φέγγος
830 3550 955 3631 ἡρώων,
980 3545 1067 3630 μόλις

332 3630 424 3717 φίλην
449 3632 566 3718 ἀνέρχη
588 3634 665 3716 πρὸς
686 3634 802 3718 πάτραν
828 3630 1041 3717 ἀπόστρορος·

331 3719 442 3785 καλαῖς
465 3717 494 3780 δ’
518 3719 664 3803 ἀμοιβαῖς
684 3717 887 3802 ἀνταμείβεις,
910 3717 935 3779 ῶ
958 3714 1071 3802 πρόμε,
