3059 4492
1436 522 1511 581 71

554 689 809 762 Affecit‚
850 691 1177 768 pigrosque
1218 690 1460 752 induxit
1501 700 1750 768 pectore
1797 709 2039 765 sensus,

553 775 873 852 Inspirata
918 775 1071 835 meis
1112 775 1333 835 afflans
1377 775 1602 835 oblivia
1645 777 1823 834 curis.

558 858 669 921 Sic
710 867 817 917 tua
857 878 1045 933 mors,
1092 860 1387 939 Lodoice,
1431 861 1637 935 tuique
1679 861 1901 919 iniuria
1938 861 2050 918 fati

556 946 881 1003 Musarum
922 945 1129 1002 dulces
1174 945 1399 1018 foetus,
1451 954 1514 1003 et
1553 946 1820 1004 carmina
1863 953 2071 1005 nostro

559 1029 810 1090 Obterit
852 1048 931 1087 ex
968 1030 1188 1088 animo.
1232 1029 1572 1106 Postquam
1614 1039 1720 1089 tua
1755 1032 1968 1088 funera
2005 1038 2270 1089 moestus

554 1115 829 1175 Auribus
871 1115 967 1173 his
1012 1115 1209 1187 hausi,
1250 1115 1334 1173 nil
1374 1135 1491 1173 non
1549 1116 1837 1187 mutabile
1882 1114 2072 1186 sensi,

557 1202 765 1275 Atque
802 1199 963 1257 idem
1006 1199 1153 1257 mihi
1196 1219 1314 1272 me,
1358 1201 1459 1274 qui
1500 1208 1563 1259 te
1596 1201 1766 1273 mihi,
1815 1218 1992 1260 casus
2034 1199 2274 1258 ademit.

556 1283 706 1343 Hoc
750 1284 950 1342 solum
998 1293 1298 1360 superest,
1343 1285 1417 1342 de
1460 1293 1521 1343 te
1567 1287 1672 1344 vix
1716 1286 1917 1344 dicere
1956 1302 2169 1361 posse,

556 1369 646 1428 Et
683 1377 915 1427 tantum
961 1369 1317 1439 meminisse
1354 1371 1463 1443 tui,
1510 1379 1616 1428 tua
1658 1372 1786 1428 fata
1829 1376 2146 1430 canentem

555 1454 764 1527 Flere,
806 1455 1005 1512 minus
1045 1462 1230 1526 mute,
1276 1455 1386 1513 sed
1424 1475 1551 1514 non
1599 1455 1852 1514 meliore
1893 1454 2168 1514 canenda

554 1538 843 1597 Pectoris
885 1539 1123 1597 affectu.
1171 1536 1236 1599 Si
1256 1539 1390 1613 quis
1414 1547 1617 1598 tamen
1652 1542 1802 1599 haec
1823 1540 2139 1615 quoque[,]
2174 1539 2227 1598 si
2253 1537 2388 1612 quis

554 1625 818 1700 Rumpit
858 1624 1051 1681 frena.
1077 1623 1287 1682 dolor.
1327 1644 1445 1683 non
1484 1634 1567 1698 te,
1609 1627 1726 1685 flos
1771 1626 1926 1684 lecte
1961 1624 2228 1683 virorum

553 1708 885 1781 Indictum,
930 1716 1035 1766 aut
1072 1715 1177 1768 tua
1220 1709 1384 1768 facta
1422 1710 1638 1769 sinam.
1682 1707 1828 1768 Tibi
1863 1717 2113 1786 pectora
2136 1709 2390 1786 plange,

554 1794 644 1852 Et
684 1802 791 1853 tua
829 1794 949 1851 iam
994 1793 1227 1859 resides
1277 1795 1510 1853 animos
1559 1797 1622 1853 in
1666 1797 1883 1853 funera
1925 1795 2118 1854 solvo·

556 1879 725 1937 Ecce
772 1878 874 1936 diu
914 1877 1142 1938 sterilis
1184 1878 1346 1936 male
1390 1881 1641 1941 conscia
1682 1879 1896 1958 lingua
1935 1879 2137 1938 silenti

563 1963 887 2038 Obsequio
935 1963 1097 2022 tristi
1133 1963 1317 2036 vires,
1363 1983 1692 2040 vocemque
1738 1965 2041 2022 ministrat

556 2049 638 2107 In
675 2048 873 2107 luctus
918 2048 1183 2106 facunda
1229 2067 1399 2122 suos,
1448 2069 1562 2107 nec
1601 2068 1670 2109 se
1710 2049 1875 2125 capit
1911 2049 2099 2119 intus,

560 2134 766 2209 Quem
804 2134 897 2191 vis
946 2134 1095 2192 dura
1136 2133 1283 2191 mali
1327 2135 1528 2212 potuit
1577 2134 1860 2193 cohibere
1906 2132 2195 2192 dolorem.

648 2219 749 2276 Ah
786 2219 1004 2292 quibus
1042 2219 1313 2276 incusem
1351 2220 1620 2296 probris,
1665 2238 1785 2294 qua
1817 2237 1980 2277 -voce
2024 2218 2350 2292 lacessam,

558 2301 735 2376 Quae
777 2311 837 2360 te
880 2323 1006 2361 non
1052 2303 1241 2361 verita
1286 2313 1380 2362 est
1422 2311 1592 2363 tanto
1641 2305 1922 2363 fraudare
1962 2302 2240 2376 ministro

558 2384 882 2447 Gallorum
926 2389 1172 2446 fortuna
1212 2389 1402 2460 vices,
1442 2408 1593 2464 quas
1637 2408 1820 2464 saepe
1864 2396 2110 2446 ruentes

537 2460 784 2544 ‘Fulsit‚
830 2481 890 2530 et
927 2473 993 2531 in
1036 2467 1159 2530 tuto
1190 2491 1428 2535 rursum
1473 2480 1580 2533 tua
1627 2475 1840 2532 dextra
1878 2473 2120 2544 locavit,

552 2558 727 2617 Dum
767 2558 950 2616 toties
993 2558 1209 2631 vincis,
1254 2559 1606 2633 patriaeque
1647 2558 2000 2635 impendere
2046 2557 2232 2615 vitam

549 2642 710 2702 Non
754 2642 1018 2715 dubitas,
1065 2662 1219 2718 quae
1258 2651 1318 2702 te
1364 2663 1560 2720 nuper
1603 2644 1756 2702 duce
1801 2643 1991 2702 civica
2032 2642 2214 2719 fregit

555 2731 772 2800 Arma,
821 2747 973 2805 vago
1012 2729 1166 2787 fines
1212 2748 1332 2803 qua
1374 2729 1662 2788 Pictonas
1705 2749 1882 2787 amne
1924 2729 2224 2805 Vigenna,

558 2813 819 2888 Quaque
863 2813 1014 2872 alios
1054 2813 1209 2872 fines
1254 2813 1557 2873 Lemovix
1611 2813 1962 2890 Gardampa
1998 2814 2311 2890 pererrat?

555 2897 736 2957 Heus
780 2899 885 2956 ubi
925 2916 1085 2955 nunc
1123 2898 1336 2971 virtus,
1377 2898 1722 2975 invictaque
1765 2900 2019 2957 dextera
2046 2898 2248 2957 bello?

556 2983 738 3042 Heus
780 2983 885 3041 ubi
919 2983 1227 3059 perfectae
1270 2984 1483 3043 sitiens
1528 3003 1717 3053 mens⁸
1751 2984 1994 3042 laudis?
2033 2984 2137 3041 ubi
2175 2983 2393 3060 ingens

558 3066 781 3128 Gloria
802 3065 1237 3127 Castanidum?
1260 3088 1481 3167 nempe
1510 3069 1683 3142 haec,
1711 3070 1864 3146 proh
1890 3077 2104 3128 sancta
2126 3067 2392 3127 Deorum

554 3152 852 3225 Numina,
897 3171 1119 3230 nempe
1156 3154 1313 3231 nigri
1356 3155 1509 3212 haec
1551 3155 1645 3213 vis
1689 3154 1940 3214 abstulit
1982 3153 2183 3210 omnia
2220 3151 2347 3209 leti.

560 3238 622 3298 O
674 3245 819 3314 quot
852 3238 1167 3296 funeribus
1213 3239 1325 3297 tibi
1363 3239 1545 3298 funus
1593 3240 1866 3298 constitit
1909 3240 2124 3296 unum!

557 3321 722 3396 Quot
761 3322 1045 3382 lacrimas
1092 3325 1299 3396 orbae,
1344 3332 1632 3399 quantum
1674 3325 1805 3396 tibi,
1853 3321 2057 3382 Gallia
2095 3319 2205 3377 fati

553 3408 723 3466 Mors
738 3407 1035 3465 dedituna
1050 3409 1065 3465 1
1089 3407 1329 3466 Novum
1343 3427 1540 3484 neque
1561 3409 1719 3467 enim
1727 3426 1952 3482 ,neque
1964 3424 2160 3481 nuper
2173 3404 2393 3464 uberta

554 3491 877 3552 Nobilium
930 3493 1004 3550 de
1048 3492 1229 3569 plebe
1270 3499 1471 3570 caput,
1516 3493 1627 3552 sed
1669 3491 1963 3569 sanguine
2005 3490 2082 3548 ab
2125 3491 2245 3548 altu

557 3577 919 3637 Demissum
963 3597 1180 3655 genus,
1220 3587 1401 3654 atque
1442 3580 1662 3636 heroae
1712 3576 1922 3653 stirpis
1961 3575 2265 3634 alumnum

552 3663 771 3738 Usque
810 3664 885 3722 ab
934 3662 1088 3735 aviS,
1135 3672 1196 3721 et
1240 3682 1487 3722 avorum
1527 3662 1749 3735 atavis,
1783 3663 1860 3720 ab
1909 3662 2144 3739 origine
2173 3664 2389 3740 prima.

560 3748 739 3824 Quod
776 3767 969 3826 genus
1014 3756 1353 3821 externum,
1411 3766 1567 3823 quae
1609 3766 1760 3825 gens
1812 3755 1936 3805 tam
1982 3748 2158 3807 devia
2201 3744 2434 3828 nescit·-
