3059 4492
1388 541 1467 599 75

504 711 652 784 Ina,
696 709 868 786 vagis
913 710 1095 790 cuius·
1123 710 1517 786 populatibus
1561 710 1730 767 invia
1769 711 1957 782 nulla,
2035 762 2044 771 .

507 799 717 870 Atque
764 794 962 853 omnis
1002 794 1201 852 fuerat
1239 795 1423 854 tellus
1467 802 1747 872 angusta,
1789 795 2100 854 latronum

509 880 848 952 Colluvies,
887 879 1207 953 farumque
1243 901 1403 940 novo
1451 880 1697 938 ductore
1741 880 2068 957 maniplus,

506 966 711 1026 Unius
751 965 861 1023 vix
900 982 967 1022 se
1008 964 1323 1023 defensum
1366 965 1682 1024 maenibus
1730 965 1894 1023 urbis

510 1049 817 1110 Continet.
864 1049 1113 1107 Illorum
1157 1069 1317 1108 nunc
1362 1050 1590 1126 praeda
1634 1057 1729 1108 est
1777 1050 1980 1122 obvia,
2020 1069 2266 1124 quorum

505 1134 753 1193 Praedo
799 1132 929 1206 fuit.
978 1132 1149 1206 Quod
1184 1154 1303 1193 non
1346 1136 1548 1207 toties,
1594 1153 1706 1192 nec
1743 1142 1914 1193 tanta
1952 1153 2061 1210 per
2099 1154 2299 1212 εει-οε,

505 1221 757 1295 Perque
801 1218 1061 1277 humiles
1078 1219 1388 1278 'bacchata
1426 1238 1604 1279 casas
1651 1219 1931 1278 incendia
1967 1227 2253 1298 regnant:

512 1305 695 1381 Quod
745 1302 893 1362 civis
940 1305 1207 1380 propriis
1244 1305 1479 1378 fruitur,
1529 1304 1687 1380 quod
1727 1323 1883 1382 pace
1928 1305 2209 1364 colonusz

516 1388 894 1450 Castanidae
937 1396 1130 1448 totum
1172 1390 1405 1449 meritis
1454 1390 1726 1461 debetur,
1777 1397 1835 1448 et
1879 1390 2003 1463 uni,

511 1476 693 1551 Quae
740 1473 889 1532 nulli
932 1473 1112 1546 cedit,
1150 1475 1247 1533 cui
1288 1475 1507 1533 cedunt
1554 1474 1778 1546 omnia,
1823 1474 2093 1533 dextrae.

508 1560 788 1619 Pictonio
833 1576 945 1616 sua
987 1559 1206 1630 forma,
1250 1567 1354 1618 tua
1399 1561 1616 1618 virtute
1659 1567 1894 1632 renam,

509 1647 595 1705 Et
638 1644 877 1721 priscus
921 1643 1155 1719 patriae
1199 1645 1381 1703 rediit
1419 1640 1609 1721 vigor'
1643 1646 1890 1703 artubus
1937 1646 2158 1722 aegris.

513 1731 611 1789 Te
649 1730 821 1801 duce,
862 1729 1202 1786 mercedem
1246 1729 1409 1787 lixae
1454 1749 1578 1788 non
1623 1729 1832 1806 pendit
1872 1738 2091 1788 arator.

511 1815 663 1874 Non
704 1832 919 1890 pacem
967 1813 1145 1872 donis
1188 1814 1448 1887 redimit,
1491 1834 1616 1874 non
1664 1833 1804 1872 aere
1847 1815 2127 1888 quietem.

512 1900 800 1973 Namque
833 1897 921 1955 tui
967 1917 1257 1958 reverens
1304 1899 1586 1976 exempla
1625 1899 1957 1958 domestica
1993 1900 2068 1957 dc
2112 1908 2172 1957 te

511 1985 698 2044 Miles
735 1983 939 2054 habet,
987 1985 1372 2058 sequiturque
1419 1993 1578 2056 tuos,
1632 1992 1699 2041 ut
1749 1984 2028 2057 classica,
2075 2003 2302 2042 mores.

606 2069 660 2129 Ο
704 2068 879 2140 felix,
926 2067 980 2126 si
1025 2069 1123 2126 cui
1172 2068 1423 2128 stabiles
1466 2069 1740 2143 florentis
1787 2069 2035 2128 honoris

513 2154 803 2214 Asseruit
845 2152 1055 2211 titulos
1098 2152 1431 2212 indelibata
1473 2153 1771 2229 voluptas·

516 2238 645 2300 Sed
683 2257 883 2313 neque
926 2238 1214 2298 inoffensi
1246 2239 1420 2296 datur
1460 2239 1594 2296 aevi
1641 2256 1880 2295 currere
1921 2246 2140 2311 metaS‚

516 2323 852 2384 Continuat
899 2323 1137 2380 sincera
1169 2332 1345 2383 tenor
1388 2342 1584 2398 neque
1631 2322 1850 2400 gaudia
1893 2323 2085 2381 nobis.
2184 2356 2186 2360 ,

511 2410 802 2484 Namque
848 2407 967 2466 duo
1013 2409 1259 2467 meritas
1303 2416 1672 2466 temerat-unt
1715 2408 1925 2466 omina
1960 2407 2194 2480 lauru8‚

514 2493 691 2568 Quae
732 2503 1083 2551 transversa
1125 2495 1243 2552 tuis
1288 2495 1666 2552 intervenere
1702 2492 2046 2569 trophaeis:

511 2579 711 2639 Filius
760 2579 879 2635 heu
920 2580 1115 2654 pubes
1158 2579 1409 2656 indigna
1448 2586 1645 2636 morte
1684 2587 2036 2654 peremptus
2162 2651 2163 2659 ἵ

512 2669 719 2741 Atque
763 2671 929 2721 tuum
976 2673 1197 2723 carcer.
1244 2665 1353 2722 sed
1396 2682 1600 2722 carcer
1645 2664 1942 2740 sanguine
1985 2665 2172 2722 multo

511 2750 853 2808 Pensatum
894 2749 1100 2824 exegit
1140 2750 1302 2808 iusta
1345 2749 1726 2807 Rhamnusia
1764 2769 1997 2825 poena:

513 2835 603 2895 Ut
639 2835 878 2892 damnis
916 2841 1021 2890 tua
1055 2833 1191 2892 laus
1238 2852 1519 2893 crescens
1564 2834 1901 2910 preciosior
1950 2843 2132 2894 esset.

516 2918 836 2980 Sordescit
870 2918 1006 2987 laus
1051 2918 1125 2976 de
1171 2925 1383 2977 securo
1419 2926 1617 2996 parta.
1673 2919 2039 2995 Triumphus

511 3004 675 3063 Vilis
721 3004 855 3076 erit,
901 3002 1000 3067 oui
1036 3023 1155 3064 non
1190 3004 1521 3080 proludunt
1561 3004 1811 3080 praevia
1852 3004 2089 3063 damna.

511 3089 702 3148 Dicat
747 3087 1047 3166 congestis
1092 3097 1385 3166 angustus
1431 3089 1654 3165 stragis
1702 3090 1959 3162 acervis,

515 3175 719 3250 Quam
758 3174 935 3251 pigra
973 3173 1244 3250 Ligerim
1286 3175 1594 3250 propellat
1637 3173 1800 3231 mole
1835 3173 2131 3251 Vigenna.

510 3261 726 3318 Mersa
763 3266 905 3334 quot
949 3275 1119 3316 arma
1165 3260 1382 3332 virum,
1426 3267 1570 3333 quot
1608 3259 1794 3317 fortia
1838 3276 2096 3334 corpora
2140 3256 2341 3315 volvit.

508 3345 648 3403 Iam
690 3352 789 3403 sat
822 3343 1094 3402 finitimis
1144 3345 1392 3422 impune
1433 3345 1713 3403 illuserat
1754 3343 1900 3415 orie,

512 3430 824 3489 Turonios
871 3429 1091 3504 praedo
1129 3429 1407 3503 quatiens
1453 3429 1821 3506 equitatibus
1867 3444 2070 3504 agroS.

510 3515 860 3573 Vindictam
908 3514 1204 3590 exanguis
1248 3515 1484 3590 patriae
1530 3514 1828 3590 poscebat
1856 3512 2093 3588 imag03

510 3599 861 3659 Vindictam
902 3599 1108 3657 lacera
1148 3601 1445 3675 poscebat
1486 3597 1678 3674 Filius
1723 3597 1956 3670 umbra,

510 3685 817 3745 Devotum
862 3685 1066 3757 funus,
1113 3685 1309 3743 civilis
1348 3685 1594 3742 victima
1635 3681 1799 3741 belli.

511 3771 575 3829 It
617 3772 848 3846 campis
894 3788 1129 3848 agmen.
1174 3770 1313 3828 telis
1356 3770 1659 3828 exercitus
1708 3767 1928 3826 ardens
