3059 4492
260 649 413 724 ventique
435 666 543 708 secura
564 648 673 708 lascivi

260 734 417 796 iniurioso
439 734 548 792 miscet
570 733 615 791 di·

261 828 326 878 ·cta
346 819 504 878 cachinno.
527 821 568 880 At
589 817 695 876 dolore
723 835 783 894 ego
806 816 952 894 configor.

579 984 678 1046 Actus
701 985 871 1048 Secundus.

634 1070 809 1130 Tecmessa.

262 1155 348 1216 Socii
369 1155 486 1227 Aiacis,
511 1154 641 1214 classica
659 1155 767 1230 pubes,

261 1239 378 1301 Nobile
397 1239 493 1316 prisci
514 1258 638 1317 germen
658 1240 831 1313 Erechthei,

263 1325 393 1398 Quantis
410 1331 513 1384 versat
529 1325 668 1385 fluctibus
691 1325 784 1382 animi

263 1409 474 1468 Telamoniaci
494 1428 552 1468 nos
576 1429 647 1468 cura
669 1408 753 1468 laris.

261 1496 312 1554 En
330 1495 413 1554 serus
434 1494 525 1568 Aiax,
547 1504 672 1571 pectore
693 1494 797 1568 crudo,

262 1579 421 1651 Portibus,
442 1598 533 1658 aeger

261 1669 361 1724 Aestu
382 1664 535 1722 conflictat
558 1664 673 1739 iniquo.

262 1749 321 1810 ch.
359 1748 449 1823 Quod
469 1749 632 1826 praeterita
649 1755 739 1809 nocte
761 1749 893 1825 quietem

261 1834 393 1894 Mutavit
417 1853 506 1908 unua,
821 1872 826 1879 ·

261 1919 345 1979 Filia
366 1918 492 1998 Phrygii
510 1917 722 1976 Telautantis?

261 2005 341 2064 Dic:
363 2024 433 2064 nam
454 2022 571 2063 servam
592 2010 621 2060 tc
641 2003 725 2062 ferus
744 2005 825 2062 Aiax

264 2089 359 2150 Socia
379 2089 453 2147 lecti
473 2096 560 2165 perte
579 2088 703 2162 recepit,

264 2175 308 2235 Ut
327 2182 358 2234 te
379 2174 498 2234 nescire
518 2173 605 2232 nefas
631 2173 680 2231 sit.

262 2259 338 2318 ch.
381 2259 485 2318 Ardua
504 2258 584 2316 dictu
608 2257 688 2316 dicta
710 2259 862 2335 profabor.

262 2344 334 2403 Leti
356 2344 484 2402 similem
505 2345 642 2402 morbum
664 2345 775 2404 audite.

262 2429 386 2488 Efferus
409 2429 474 2502 iris,
498 2429 650 2503 animique
669 2448 763 2507 vagus

265 2514 428 2573 Infandum
450 2514 531 2573 Aiax
555 2531 648 2573 ausus
669 2515 701 2572 in
724 2516 830 2574 umbra
852 2522 914 2574 est:

267 2599 360 2658 Talia
380 2599 440 2656 iam
458 2598 530 2657 licet
549 2599 630 2658 intus
653 2617 776 2658 cernere

265 2685 394 2743 Patratn
416 2703 506 2742 manu
527 2703 614 2743 sacra
636 2693 771 2757 cruenta,

265 2770 399 2829 Pulchra
410 2769 477 2830 ,viri
497 2777 585 2847 gesta
604 2769 744 2830 furentis.

606 2853 732 2932 Stropte
758 2857 839 2915 XII.

267 2938 324 3000 Ch.
371 2938 449 2996 Mira
469 2939 597 3011 indicas,
617 2940 692 2998 mira
711 2942 790 3000 torvi

263 3026 362 3085 Facta
381 3023 477 3082 refers
500 3024 643 3098 hominis,

236 3139 238 3142 ·
263 3111 387 3184 Iniqua,
409 3108 641 3185 inexplicanda:

266 3196 356 3271 Quae
380 3211 524 3270 proceres
545 3193 644 3254 Danai

265 3279 348 3340 Male
370 3278 560 3356 famigerant,

266 3364 413 3439 Quaeque
432 3383 544 3439 procax
562 3385 666 3424 rumor
686 3365 820 3422 acerbat.

264 3450 347 3509 Hem
371 3468 460 3525 quem
483 3450 596 3509 exitum
618 3468 670 3510 ras
690 3450 832 3508 habitura
851 3447 918 3508 est?

264 3536 372 3595 Habet
393 3535 462 3594 hoc.
482 3535 585 3596 furore

267 3620 335 3682 Sibi
357 3620 417 3678 iam
437 3619 545 3680 afferat
565 3621 618 3680 ille

265 3709 392 3767 Manus:
417 3705 530 3784 quippe
551 3708 602 3782 qui
625 3715 670 3766 tot
