3059 4492
740 495 803 557 407

314 661 454 738 Namque
475 672 528 722 tuo
551 665 701 743 extinguis
722 679 832 742 corpus
853 665 1044 740 animamque
1065 683 1186 742 sopore,

314 747 442 822 Quando
464 750 633 826 perrumpis
653 757 779 809 naturae
801 751 903 810 vivida
924 750 1066 824 claustra,

315 831 415 892 anca
436 834 592 892 hominum
615 835 740 913 signans
761 844 885 896 aeterno
906 835 1023 894 lumina
1043 855 1164 895 somno.

315 914 458 980 Omnibu'
482 920 663 994 communis,
680 921 749 980 aliis
771 921 882 979 iniuria
902 921 1023 997 partim,

313 1005 476 1063 Florentes
500 1004 656 1082 stinguens
677 1013 792 1066 aetates
811 1008 918 1065 funere
941 1007 1060 1063 acerbo.

315 1089 427 1150 Omnia
448 1107 519 1147 nam
541 1105 680 1148 concreta
700 1091 733 1149 in
756 1099 786 1149 te
809 1091 878 1150 sola
894 1087 1107 1150 abaohinnturr

314 1173 396 1233 Nam
417 1193 515 1250 neque
535 1175 705 1252 suppliciis,
733 1197 833 1253 neque
853 1178 930 1236 votis
952 1183 1077 1252 pectora
1097 1174 1224 1251 frangis.

315 1259 417 1335 Quare
439 1278 456 1317 o
478 1268 583 1318 sancta
603 1261 683 1332 veni,
709 1261 801 1340 longo
821 1270 895 1338 post
915 1269 1051 1337 tempore
1073 1260 1162 1332 vitae,

315 1344 404 1421 Quod
421 1352 451 1401 te
474 1345 633 1420 suppliciis
657 1355 687 1403 et
711 1348 792 1406 votis
815 1348 1012 1418 obtestamur,

285 1455 289 1462 ·
314 1429 357 1490 Ut
375 1429 493 1487 felicem
517 1431 648 1489 habeant
669 1431 806 1492 homines
826 1433 998 1507 claramque
1021 1438 1184 1492 senectam.

465 1525 591 1576 Vertobat
616 1526 668 1576 Ios.
688 1525 756 1580 Scal.
770 1529 843 1578 ¹intra
860 1530 975 1592 quinque
992 1529 1091 1578 dierum
1108 1526 1227 1590 spatium.

331 1710 455 1759 Eiusdem
480 1710 531 1761 Ios.
549 1710 618 1764 Scel.
637 1714 818 1764 annotationes
836 1715 863 1763 in
881 1713 999 1779 Hymnus
1018 1713 1210 1780 praecedentes.

367 1778 419 1828 Hie
443 1777 507 1828 liber
526 1797 576 1830 non
594 1782 701 1848 proprie
725 1790 785 1831 sumt
803 1779 893 1849 ripuar,
917 1783 963 1831 red
985 1780 1094 1834 τελεταί.
1118 1798 1179 1830 nam
1199 1781 1228 1830 in

316 1847 422 1914 Hymnis
430 1847 542 1908 natalia,
552 1857 635 1916 qesta,
655 1858 680 1898 et
691 1850 813 1900 marmoris
821 1859 980 1900 narrantur:
1004 1851 1114 1900 lsiaaera
1128 1857 1228 1898 tantum

314 1917 489 1967 invocationes
511 1917 637 1979 Deorum,
663 1917 751 1984 quibus
774 1919 914 1968 utebantur
942 1920 970 1967 in
988 1920 1117 1984 mysteriis
1133 1918 1163 1977 ii,
1184 1918 1228 1982 qni

315 1985 399 2036 saeris
419 1987 561 2051 cuiuspiam
574 1987 621 2036 Dei
633 1987 814 2038 initiarentur:
842 1988 908 2037 Sunt
927 1988 1003 2037 etiam
1023 1987 1059 2037 ad
1076 1985 1228 2054 depellenda

315 2054 387 2105 mala
407 2054 510 2105 adiecti.
546 2055 617 2116 Quae
634 2056 719 2105 arania
732 2065 816 2106 tamen
826 2058 891 2121 fiunt
903 2055 1092 2122 eapnaminibus
1104 2055 1228 2120 mysticis.

316 2123 369 2173 seu
387 2122 482 2173 Graeci
504 2124 532 2172 in
551 2123 600 2173 iae
615 2141 723 2192 prorsus
745 2134 813 2178 sumt.
852 2123 945 2175 Latine
971 2125 1071 2192 quidem
1087 2124 1166 2174 Initia
1182 2123 1225 2172 in-

315 2190 396 2242 scribi
415 2199 508 2258 potest,
527 2201 556 2242 ut
573 2194 727 2260 respondeat
753 2195 853 2244 Graeco
870 2193 947 2244 aerbo
962 2191 1076 2243 τελεταίε
1103 2192 1147 2242 sed
1163 2192 1226 2258 quia

317 2269 397 2312 tatum
415 2261 603 2326 aapnaminibur
623 2261 734 2312 Deorum
754 2271 865 2325 constat,
883 2263 972 2313 melius
988 2260 1141 2312 inscribitur
1156 2261 1226 2310 indi·

315 2331 467 2394 gitamentu.
509 2329 609 2380 Veteres
628 2333 693 2381 enim
704 2331 802 2393 Latini,
822 2349 884 2398 quas
900 2332 995 2383 Graeci
1011 2339 1107 2380 uocant
1120 2327 1228 2447 iipuoutq

314 2401 326 2448 i
344 2399 367 2448 si
384 2399 517 2448 nominant
537 2400 703 2463 lineamenta,
725 2417 791 2467 quae
809 2400 909 2451 seilicet
922 2401 1064 2466 separatim
1076 2399 1104 2448 in
1114 2417 1130 2448 a
1143 2400 1229 2464 iquem

342 2483 397 2517 eum
418 2475 554 2529 canuntur,
571 2469 599 2518 in
616 2469 705 2535 quibus
722 2477 797 2536 pesta
814 2478 840 2519 et
854 2470 963 2520 virtuter
977 2469 1030 2518 mus
1045 2467 1091 2517 Dei
1110 2465 1229 2517 celebra-

315 2543 387 2597 runt,
411 2544 440 2585 ut
467 2535 531 2586 alibi
553 2537 636 2600 fusius
657 2538 776 2588 dicimus.
817 2537 855 2587 As
877 2538 1076 2600 Indigitamenta
1092 2543 1229 2594 aoeamnt,

315 2606 344 2655 in
370 2604 458 2672 quibus
479 2605 590 2655 Deorum
616 2608 768 2674 copnamina
791 2607 869 2657 naria
887 2614 977 2656 essent.
1014 2605 1113 2655 Earum
1134 2603 1231 2655 Graeci

316 2673 366 2723 dua
393 2691 489 2740 penera
513 2675 644 2737 secu-unt:
666 2692 726 2726 nam
744 2674 857 2744 κλητοὺς
880 2673 976 2743 ὕμνους
1002 2681 1130 2725 vocarunt
1148 2673 1226 2722 auai-

249 2787 251 2793 .
318 2741 413 2793 liarum
432 2750 456 2791 et
474 2743 615 2806 fauentium
630 2744 749 2805 Deorum,
771 2744 960 2814 ἀποτροπαίους
978 2751 1063 2794 autem
1076 2742 1230 2802 nocentium,

316 2828 383 2880 quae
402 2820 480 2862 accat
502 2811 625 2879 Virpitius
641 2815 717 2863 laeva
734 2815 850 2863 numina.
888 2813 986 2863 Horum
1005 2813 1116 2879 primum
1136 2828 1169 2860 ea·
1183 2827 1230 2859 ae-

317 2887 371 2930 tere
391 2878 586 2947 iinpuahatina
597 2881 758 2933 Calatorium
776 2897 896 2945 carmen3
914 2881 1034 2941 atterum,
1052 2880 1231 2930 Arerruncale

315 2965 411 2999 narare
449 2966 570 3000 assumus.
613 2950 707 3012 Quare,
733 2959 763 3002 ut
780 2952 846 3012 diri,
868 2952 931 3017 quia
948 2951 1036 2999 amnia
1055 2946 1148 2998 Latine
1166 2947 1230 2996 red-

317 3018 377 3067 dere
395 2968 519 3080 oagsmus,
540 3020 641 3069 tametsi
661 3019 751 3069 titulus
773 3020 889 3070 Graecae
902 3018 1067 3087 inscriptioni
1078 3013 1168 3083 ὕμνων
1178 3031 1232 3065 nam

316 3087 461 3152 respondet,
482 3096 566 3139 tamen
585 3088 785 3150 Indigitamentn
805 3088 991 3154 inscripsimus.
1030 3086 1133 3135 Dictum
1145 3091 1232 3134 autem

316 3156 454 3219 indigitare
473 3174 521 3218 pra
542 3157 682 3216 indiciture,
703 3157 751 3206 hac
768 3163 807 3206 ert
825 3173 928 3206 uacare.
964 3155 1032 3205 Nam
1052 3156 1158 3204 citatem
1175 3153 1231 3217 ple·

316 3225 377 3274 bem
395 3223 523 3286 dicebant,
542 3226 652 3292 quaein
672 3225 794 3276 iudicium
813 3232 909 3276 uocata
925 3231 997 3274 esset.
1021 3223 1065 3272 Sia
1076 3223 1146 3290 apud
1160 3221 1231 3272 Var-

317 3309 406 3343 ronem
422 3292 459 3344 De
480 3294 568 3361 linqua
588 3293 686 3344 Latina
703 3297 774 3358 quod
791 3310 869 3360 pecus
888 3295 1022 3342 incitatum
1033 3293 1166 3355 antiquum
1185 3304 1231 3354 op-

317 3362 407 3428 pidum
421 3363 573 3428 exigebant3
593 3362 723 3429 lependum
734 3364 831 3430 potius,
849 3363 1034 3412 inducitatum:
1053 3359 1121 3427 quad
1133 3367 1233 3408 estnon

321 3429 458 3492 Varronis,
484 3432 529 3481 sed
552 3432 685 3482 cuiusdam
710 3434 805 3482 ceteris
829 3440 923 3498 poetae
949 3426 1154 3501 ἀκροτελεΰτιον.
1195 3427 1234 3477 Et

317 3501 395 3550 citare
413 3508 500 3550 natum
516 3501 578 3567 quid
595 3501 630 3550 sit
648 3501 677 3550 in
693 3499 837 3565 [erunibus
855 3507 880 3549 et
896 3497 1062 3549 iudicialibus
1080 3497 1187 3556 onmem,
1208 3501 1234 3544 et

318 3570 426 3620 citatum
450 3571 650 3620 instrumentum
676 3577 858 3637 nuncupatum.
903 3567 975 3634 Erpa
993 3567 1142 3627 indicitare,
1165 3563 1235 3632 quad

317 3645 378 3689 erat
397 3639 512 3698 incitare,
532 3646 556 3688 et
573 3640 709 3701 indigitare
730 3638 812 3699 idem,·
835 3645 866 3687 ut
890 3637 1026 3686 subicitare
1044 3641 1070 3683 et
1086 3635 1233 3697 subagitare

317 3707 345 3756 in
367 3705 463 3756 Casina
484 3705 588 3760 Plauti:
606 3715 635 3757 ut
652 3709 747 3756 inicere
764 3707 792 3756 in
808 3705 926 3756 Varrone
942 3722 991 3774 pra
1009 3705 1115 3768 inigere.
1149 3703 1235 3753 Tanta
