3059 4492
615 515 617 518 .
728 441 879 537 ,378-

349 611 427 672 Iuno
448 613 590 684 Fluonia,
608 611 795 686 'circinaque
816 617 846 668 et
865 610 1135 688 Vortumnilignra,

349 699 389 758 Et
409 699 539 757 maiesta
560 697 683 770 curulis,
701 698 890 771 honoreque,
911 696 1037 770 iuraque
1058 697 1191 769 (limans,

351 781 478 858 Semper
499 800 594 842 ovans
617 800 710 858 supra
729 800 834 859 regum
852 787 953 857 caput,
971 780 1192 857 induperatrix.

348 867 513 944 Intrepida‚
535 867 758 939 omnidomans,
780 885 884 943 parca,
907 867 1071 939 flammata,
1094 865 1219 924 Tenira.

349 952 420 1012 Flos
444 953 523 1011 vitae
544 960 697 1026 aeternae,
719 951 909 1024 immortalis,
930 951 1131 1009 Mammuriae
1152 952 1210 1011 vis.

349 1037 464 1098 Omnia
484 1045 517 1095 tu
536 1037 604 1097 sola
625 1056 675 1096 es:
706 1055 835 1112 namque
858 1035 961 1094 omnia
980 1043 1013 1093 tu
1032 1037 1117 1112 paris
1140 1037 1220 1114 ipsa.

350 1122 452 1198 Quare
473 1123 525 1180 ted
546 1141 600 1181 oro
623 1141 690 1180 cum
711 1118 817 1180 ditibn'
841 1120 1074 1197 Temperiabus,

348 1207 521 1284 Pacemque
543 1214 633 1282 atque
655 1205 785 1266 salutem
806 1225 874 1284 age,
895 1214 926 1264 et
948 1206 1099 1264 omnifera
1120 1206 1265 1282 augmina

955 1309 1066 1349 rerum.

296 1528 301 1540 ⁴
354 1460 391 1518 10
486 1461 585 1519 Fauni
603 1463 744 1536 suffimen,
766 1461 952 1518 odoramenta
974 1462 1135 1534 caumana.

349 1545 453 1603 Fauna
474 1544 547 1603 ades
569 1546 682 1622 Upilio,
702 1543 807 1602 mundi
828 1544 999 1602 substantia
1018 1551 1115 1617 totus,

351 1627 487 1701 Caelum,
508 1630 592 1690 salsa
612 1631 717 1702 maris,
739 1630 831 1686 terrai
853 1628 980 1686 daedala
1001 1629 1104 1702 sedes,

351 1709 473 1790 Spiritu'
486 1715 635 1774 flammai:
657 1733 789 1790 namque
804 1715 881 1771 haec
893 1715 1028 1772 membra
1041 1715 1147 1772 omnia
1155 1714 1261 1774 Fanni.

348 1798 485 1875 Pervage
506 1799 622 1872 Faune,
645 1798 722 1872 sali,
745 1799 923 1875 collegaque
946 1799 1191 1876 Temperiarum,

350 1883 498 1960 Capripes
519 1893 548 1942 et
567 1885 709 1958 fanatice,
733 1892 851 1953 ovator,
873 1883 1071 1961 siderivolge:

349 1964 477 2028 Vocibu’
501 1970 671 2030 flexanimis
694 1971 799 2027 mundi
819 1976 967 2028 concenta
982 1969 1129 2046 figurans,

348 2054 517 2112 Larvarum
537 2056 650 2128 Titule,
672 2056 836 2112 humanum
851 2053 999 2130 remeligo
1022 2062 1202 2126 tremorum,

347 2138 479 2214 Propter
509 2159 603 2215 aquas
634 2140 770 2218 gaudens
800 2140 977 2216 pastoribus
998 2147 1090 2215 atque
1111 2139 1261 2210 bubulcis,

350 2222 530 2298 Collimans,
551 2226 652 2298 velox,
673 2225 750 2284 Aiae
771 2221 858 2301 igni’,
881 2223 990 2284 sodali’
1011 2224 1165 2297 Virorum,

350 2309 531 2386 Omnigena,
551 2311 759 2388 omnigenens,
780 2329 880 2368 rerum
902 2309 1053 2367 celebrata
1071 2318 1222 2386 potestas:

348 2395 578 2472 Mundiparens,
599 2396 725 2468 Lucine,
748 2395 883 2468 Iuturna,
904 2396 1068 2467 Autumno,
1088 2397 1230 2454 nutritor:

348 2479 516 2552 Autricola,
540 2480 699 2553 irritabili’,
721 2482 788 2539 iure
806 2481 887 2538 Iovis
910 2480 1120 2556 capricornus,

349 2564 386 2621 In
409 2571 438 2622 te
461 2563 732 2644 nam'omniparae
753 2565 846 2624 terrai
869 2572 951 2624 stunt
971 2565 1041 2622 sola
1057 2566 1134 2636 tina,

348 2651 475 2707 Aeterni
500 2658 530 2707 et
549 2651 659 2710 cedunt
680 2651 828 2709 laetantia
847 2669 996 2709 marmora
1017 2650 1126 2722 Ponti,

347 2733 388 2791 Et
410 2741 520 2792 terram
545 2736 687 2795 Oceanus
710 2736 844 2794 lustrans
865 2735 1044 2792 anfractibu’
1064 2735 1179 2794 salsis:

347 2817 507 2894 Portioque
530 2822 623 2894 aeria,
643 2821 814 2898 ignipotens
836 2820 978 2878 alimonia
998 2837 1110 2893 rerum,

347 2904 388 2964 Et
410 2913 498 2980 caput
520 2905 559 2963 ad
582 2925 731 2965 summum
757 2905 895 2982 pernicia
912 2904 1028 2963 lumina
1047 2905 1199 2963 flammae.

349 2988 432 3048 Nam
455 2999 596 3049 concreta
618 2999 670 3051 tuo
692 2991 822 3068 imperio
844 2992 920 3048 haec
942 2998 1067 3049 aeterna
1087 2991 1240 3049 feruntur:

346 3074 555 3152 Naturamque
574 3077 640 3136 tuis·
654 3084 753 3134 mutas
775 3071 950 3152 pollentibu’
971 3074 1077 3148 iussis,

345 3160 509 3220 Multorum
534 3171 659 3220 auctans
680 3161 712 3220 in
732 3169 814 3219 terra
834 3160 976 3220 mortalia
995 3160 1088 3220 secla.

346 3246 429 3322 Ergo
451 3255 538 3321 pater
558 3247 702 3320 fanatice,
726 3254 841 3319 ovator,
865 3245 999 3304 adhaec
1019 3254 1073 3304 tna
1094 3245 1160 3303 liba

346 3331 432 3403 Vise,
455 3340 485 3389 et
501 3333 575 3390 vitai
596 3334 674 3390 bene
695 3331 793 3390 dones
816 3332 899 3390 exita
917 3332 1008 3404 iusta,

346 3415 520 3474 Externans
541 3416 636 3476 Inuos
657 3425 789 3476 terrores
812 3418 917 3475 finibu'
939 3425 1047 3475 terrae.

351 3584 387 3641 11
517 3586 651 3645 Heraclia
673 3586 770 3662 Sanqt
790 3587 873 3644 Fudit
894 3586 1035 3660 suffimen,
1052 3595 1108 3644 tas.

348 3667 450 3746 Sanga
471 3679 558 3745 pater
578 3671 699 3744 Titane,
720 3670 819 3744 Nero,
841 3670 957 3730 Nerien
977 3670 1096 3742 viriste,
