3059 4492
605 524 607 532 ’
637 525 787 622 Λα

255 691 344 763 8,24.
366 685 399 750 εἰ
415 709 442 750 τι
460 709 518 770 περ
543 687 693 776 ἀντιβολῶ
717 692 829 759 δειλῶς
842 695 900 754 σού
911 693 1099 780 γράμματιβ
1122 699 1172 782 “1³⁹

297 773 334 856 ἢν
360 772 401 855 μὴ
425 771 548 842 ἀναιδὲς
572 771 648 856 ἄγαν
671 772 692 860 ᾖ
715 779 749 840 τδ
774 774 916 882 δέρμα[,]
939 778 1037 841 δίδου.

154 893 155 898 1
255 858 309 940 κῆν
337 858 378 940 μὴ
404 857 477 933 δῶς,
499 857 734 943 λιτανεοόμενος
754 859 786 944 γ’
809 883 908 944 εμπης
930 861 1067 946 ἀνέχοιο.

297 941 335 1006 οδ
358 942 476 1026 λιβάνῳ
496 941 553 1026 γὰρ
575 939 654 1011 Ζεύς
676 943 817 1029 ἄχθεται,
840 944 912 1009 οὔτε
933 949 1039 1014 λιταῖς.

256 1025 315 1134 οἰιγ
333 1025 568 1134 ’ὁὶθεῶνὶκηρῷ
588 1028 640 1130 καὶ
658 1029 762 1131 λυύγδιρ
781 1030 905 1094 δείκελα
925 1031 1078 1108 πλάττων,

297 1112 381 1174 αλλα
405 1109 499 1178 θεοος
522 1133 605 1174 ποιει
626 1115 774 1194 μουνοςό
796 1114 986 1199 λισσόμενος.

255 1281 344 1356 2,9ἰ.
367 1275 402 1340 εὖ
427 1299 461 1344 ος
478 1282 532 1340 τοῦ
549 1276 676 1362 κόσμου,
693 1284 753 1344 τῶν
774 1281 880 1360 ὄντων,
892 1279 1149 1368 Καῖσαρέρνμα,

297 1362 334 1426 ού
356 1301 534 1445 πιθόμεσθα
554 1361 657 1425 πέλειν
680 1365 871 1449 σωζομένοιο
893 1367 997 1443 θεούς,

255 1449 282 1512 εἰ
305 1450 362 1524 σού
383 1445 456 1514 τοὺς
476 1444 586 1514 ὅσσους
608 1448 823 1533 αύτοσχεδιόιο
846 1451 954 1515 πόνοιο

291 1530 394 1700 ριβλί
418 1528 599 1612 ἀναγνόντος
613 1531 724 1602 θέλξαν
744 1535 849 1599 άοιδαί
870 1535 954 1620 ἐμαί,

313 1617 321 1638 f

311 1639 351 1702 ρα
373 1613 451 1699 τύχη
474 1616 606 1691 κιύλυσε,
628 1618 729 1682 δοκεῖν
751 1619 881 1703 ποίησον
905 1618 955 1703 ἔμ’
981 1617 1070 1696 εἰναι,

296 1703 380 1764 ὥστε
401 1698 577 1770 κλείζεσθαι
598 1701 782 1784 παιδογόνον
805 1705 937 1788 τριάδος.

255 1783 313 1869 εἴγ’
335 1785 394 1848 οὐκ
413 1781 513 1867 ἤμεσα
536 1785 594 1861 σοὶ,
615 1785 687 1849 τόδε
711 1789 763 1871 μοὶ
784 1789 980 1873 παραμύθιον
1003 1787 1095 1854 ἔστιν.

297 1869 325 1932 εἰ
349 1869 385 1932 δέ
407 1890 456 1930 σοι
476 1867 578 1952 ἤρεά,
599 1869 669 1955 ἐμοὶ
691 1871 779 1936 ταῦτ’
805 1872 946 1958 ἐπίχειρα
970 1872 1069 1937 πέλοι.

254 2041 342 2115 9,18.
364 2035 443 2099 ἔστιν
458 2037 527 2121 ἐμοὶ
536 2039 601 2118 (καὶ
614 2040 707 2123 δηρδν
723 2037 984 2125 ἔοισέο,Καίσαρ,
992 2040 1044 2104 ἐπ’
1055 2043 1167 2127 ἀρχῆς)

294 2123 413 2206 γήδιον,
438 2121 468 2184 ἐν
490 2122 525 2184 δὲ
546 2121 635 2186 πόλει
660 2125 711 2187 καὶ
736 2127 841 2209 μικρὸν
860 2124 997 2188 οἰκίδιον.

253 2207 427 2293 δργανικοῖς
447 2206 483 2268 δὲ
501 2205 606 2274 πόνοις
625 2207 729 2292 ὀλίγης
750 2209 811 2272 άπδ
833 2213 915 2291 νᾶμα
938 2211 1095 2294 φάραγγος

295 2291 429 2365 ἕλκεται,
452 2291 527 2353 ὥστ’
542 2291 643 2374 ἄρδειν
664 2291 796 2378 όρχατον
819 2292 962 2365 ἀζαλέον.

254 2375 326 2440 ἀλλ’
348 2377 364 2438 ὁ
386 2374 483 2457 δόμος
503 2375 611 2460 διψῶν,
636 2377 681 2440 ὅτι
704 2401 751 2460 μιν
773 2379 857 2461 ῥανὶς
879 2377 961 2446 οὔτις
983 2378 1081 2456 ἰαίνει,

293 2460 395 2522 κλαίει
416 2460 524 2544 καίπερ
549 2461 631 2544 ύδονρ
655 2461 791 2545 Μάρτιον
813 2461 900 2545 ἐγγύς
920 2462 1013 2547 ἔχων.

155 2545 156 2582 ³
250 2543 288 2627 ἢν
310 2543 417 2629 λιβάδ’
436 2543 609 2628 ἡμετέροις,
628 2543 762 2629 Καῖσαρ,
791 2548 965 2631 μεγάροισιν
989 2547 1145 2626 δπάσσεις,

294 2625 450 2698 Κασταλὶς
469 2629 521 2713 ἧδ’
543 2627 628 2693 ἔσται
647 2631 698 2693 καὶ
721 2632 794 2699 Διὸς
817 2629 933 2716 ὄμβρος
958 2631 1038 2715 ἐμοί.
1141 2675 1146 2683 -

252 2798 344 2872 6,10.
373 2798 424 2860 τδν
447 2798 505 2860 Δία
523 2798 666 2881 χιλιάδας
687 2801 809 2883 παύρας
837 2802 970 2864 αἰτοῦντι
992 2824 1046 2884 μοι
1064 2802 1166 2888 ἀκμὴν

296 2881 344 2942 σοὶ
368 2879 460 2960 δότω,
480 2881 562 2951 ὅστις
585 2883 664 2967 ἐμοὶ,
687 2887 789 2970 φησὶν,
811 2883 911 2948 ἔδωκε
932 2888 1023 2949 νεών.

155 3017 156 3050 3
252 2963 296 3049 τῷ
315 2963 366 3026 Διῒ
392 2967 472 3028 δῶκε
495 2970 572 3030 νεὼν
597 2970 662 3048 μὲν,
683 2971 759 3053 άτάρ
785 2992 838 3052 μοι
858 2968 976 3052 χιλιάδ
998 2970 1058 3054 ἤδη

155 3067 156 3070 ’
296 3047 411 3112 οὔτινα.
430 3051 524 3135 παῦρ’
546 3054 639 3116 αἰτεῖν
662 3056 712 3118 τδν
735 3055 809 3117 θεὸν
834 3052 987 3136 αἰδέομαι.

252 3133 325 3197 ἀλλ’
348 3137 391 3202 ὡς
413 3134 565 3220 ἀνέφελος
586 3139 699 3215 τε,καί
721 3141 762 3206 ὡς
785 3139 955 3220 άτάρακτος
976 3137 1107 3217 ἰδέσθαι,

296 3222 338 3287 ὡς
360 3217 510 3302 άδόνητος
533 3221 609 3304 ἐμὰς
625 3222 743 3307 πρόσθε
762 3222 886 3285 δέδεντο
908 3223 1000 3290 λιτάς.

251 3306 334 3370 τοῖος
352 3306 416 3370 τοῖς
436 3304 545 3368 Δακῶν
569 3307 680 3375 ἱκέταις
701 3307 838 3391 διάδημα
862 3306 979 3381 δίδωσι,

293 3386 348 3455 τὰς
370 3384 604 3460 Καπιτωλείοος
627 3389 658 3454 τ’
676 3391 749 3454 εἶσιν
774 3391 885 3454 άνεισιν
910 3388 1011 3457 ὁδούς.

251 3472 279 3534 εἰ
300 3471 396 3540 τοίως
417 3472 505 3536 εἴσιθ’
529 3476 698 3552 ἀνανεύειν,
719 3480 786 3544 πῶς
808 3474 955 3547 ἐπινεύεις

183 3609 189 3617 ,
293 3557 362 3618 εἰπὲ
385 3555 446 3620 θεά
467 3559 617 3644 σύμβοολ’
640 3560 806 3645 ἡμετέροιο
829 3557 911 3626 Διός.

251 3639 332 3704 εἶπα.
352 3642 404 3704 καὶ
424 3643 444 3724 ἡ
466 3644 519 3726 τὴν
538 3643 668 3729 Γοργόν’
690 3646 816 3731 ἀφεῖσα,
838 3643 871 3705 τδ
895 3642 935 3724 μὴ
950 3640 1043 3705 δοθὲν
1059 3641 1164 3722 εὐθύς,

294 3728 399 3811 φησὶν,
424 3725 610 3806 άπελπίζεις,
634 3731 731 3815 μιαρὲ,
754 3725 980 3812 δοθησέμεναι;

567 3839 569 3846 ’
905 3825 969 3888 13*
