3059 4492
730 477 882 572 —14—4—

348 638 466 724 Μηδεὶς
486 639 604 724 γένοιτο
629 638 803 726 Μεγαράιον
829 644 1016 726 σοφώτερος.

348 721 455 808 Μηδὲν
481 725 548 808 μέγ’
571 725 670 809 ε’ίπης,
691 727 759 811 πρὶν
781 727 997 810 τελευτήσαντ’
1022 726 1101 810 ίδης.

287 815 291 821 ’
348 807 415 872 Μία
438 811 571 895 χελιδών
593 810 650 875 οὐκ
674 807 730 894 ἔαρ
754 810 832 894 μόνη
853 815 945 873 ποιεῖ.

349 893 450 963 Μίδας
471 894 528 979 γὰρ
552 894 582 956 ἐν
605 894 741 980 κύβοισιν
764 897 987 982 εῦβυλώτατος.

349 979 452 1064 Μικρά
475 979 509 1042 δὲ
528 977 682 1063 πρόφασίς
704 979 768 1042 ἐστι
788 985 843 1043 τοῦ
862 980 975 1063 πρᾶξαι
995 983 1107 1048 κακῶς.

348 1063 479 1148 Μικροῖς
500 1064 554 1146 μὲν
580 1063 762 1144 αῦλίσκοισι,
786 1065 935 1173 φορρείας
958 1061 986 1126 δ’
1009 1061 1091 1167 ἄτερ.

349 1147 466 1232 Μικρός
484 1171 520 1230 γε
541 1152 637 1231 μῆκος
661 1146 761 1227 οὗτος,
786 1150 846 1212 ἀλλ
883 1148 965 1216 ἅπας
985 1170 1087 1216 κακος.
1163 1208 1166 1216 ,
1229 1206 1231 1213 ,

349 1232 455 1316 Μόνης
478 1232 528 1295 ἐπ’
553 1232 658 1314 αὐτῆς,
682 1233 816 1317 ἀγκύρας
839 1232 1023 1315 σαλεύομεν.

350 1315 546 1400 Μυιμήσεταί
564 1339 607 1385 τις
627 1317 748 1393 θᾶττον,
769 1319 789 1402 ἢ
812 1319 986 1401 μιμήσεται.

256 1425 265 1448 ·
349 1399 470 1484 Μῶμος
494 1401 529 1463 δὲ
551 1399 645 1464 πάνθ’
672 1403 752 1485 ύρών
777 1403 887 1465 ἑαυτὸν
910 1400 970 1486 οὐχ
992 1403 1059 1486 όρᾷ.

350 1483 448 1569 Νέμει
469 1485 608 1553 πολίταις
630 1484 763 1568 μητέρας
782 1485 992 1568 Πολυκράτης.

346 1565 385 1634 ‘0
410 1570 543 1656 βάσανος
562 1569 661 1653 ἤθους
684 1568 761 1632 ἐστὶν
786 1570 952 1654 ἀνθρώπου
971 1569 1093 1654 χρόνος.

345 1649 385 1717 ‘O
409 1653 552 1738 δεύτερος
571 1656 668 1721 πλοῦς
692 1654 754 1716 ἐστὶ
779 1656 878 1738 δήπου
901 1653 1076 1737 λεγόμενος,

394 1737 428 1800 ἀν
455 1739 598 1822 ἀποτύχῃ
619 1737 662 1806 τῖς
681 1739 865 1821 πνεύματος,
885 1739 1019 1801 κώπαισι
1039 1741 1136 1802 πλεῖν.

346 1820 385 1888 ‘0
408 1821 488 1890 Ζεὺς
510 1824 632 1886 κατεῖδε
654 1823 779 1907 χρόνιος
800 1824 844 1891 εῖς
864 1823 918 1890 τάς
940 1821 1099 1906 διφθέρας.

348 1907 386 1974 ‘O
410 1906 500 1990 λόγος
522 1909 537 1970 ύ
558 1909 679 1991 τρώσας
699 1908 791 1976 αὐτὸς
810 1907 877 1972 ἔστ’
903 1909 1042 1989 ἰώμενος.

347 1992 385 2058 ‘O
411 1992 465 2074 μὲν
490 1991 669 2076 ἐξυφαίνεθ’
696 1993 787 2070 ἱστὸς,
809 1994 825 2055 ό
850 1993 885 2054 δὲ
904 1993 1050 2062 διάζεται.

348 2076 387 2142 Ὁ
407 2081 478 2145 νοῦς
496 2078 553 2160 γάρ
578 2077 640 2140 ἐστι
662 2081 716 2159 τῆς
735 2076 890 2161 τραπέζης
912 2076 1051 2159 πλησίον.

347 2160 386 2227 ‘O
409 2166 459 2223 νῦν
479 2163 533 2243 μὲν
556 2160 668 2237 οὐδεὶς,
693 2161 799 2246 αύριον
825 2162 855 2224 δ’
878 2159 1061 2243 ὑπερμέγας.

348 2243 385 2310 ‘O
410 2245 512 2308 πολλὰ
533 2244 660 2328 κλέψας,
686 2247 774 2328 ὀλίγα
795 2245 868 2313 δοὺς
891 2244 1080 2329 ἐκφεύξεται.

348 2327 385 2394 Ὁ
410 2331 505 2413 σοφὸς
526 2330 557 2392 ἐν
579 2331 663 2415 αύτῷ
682 2331 843 2416 περιφέρει
864 2330 917 2413 τὴν
936 2328 1053 2391 οὐσίαν.

346 2412 386 2478 ‘O
407 2413 499 2476 τύπον
522 2414 665 2500 ἀμείβων,
684 2415 739 2481 οῦκ
759 2415 882 2500 ἀμείβει
901 2416 952 2477 τδν
974 2413 1096 2496 τρόπον.

348 2496 445 2562 Ὁδοῦ
466 2499 626 2583 παρούσης
645 2501 780 2581 ἀτραπὸν
804 2503 904 2583 ζητεῖν
925 2500 1035 2565 δοκεῖς.

349 2583 491 2664 Ὀζώμεν
514 2585 632 2666 ἀνδρῶν
654 2583 787 2654 αύτύδαί
807 2583 1016 2667 ὠργισμένων.

353 2668 392 2734 Οἱ
417 2668 470 2749 μὲν
493 2667 550 2750 γὰρ
572 2667 677 2730 οὐκέτ’
702 2669 792 2730 εἰσὶν·
819 2670 849 2732 οἱ
871 2669 901 2731 δ)
923 2666 1007 2734 ὄντες
1029 2667 1127 2730 κακοί.

353 2750 391 2817 Οἱ
415 2751 468 2833 μὲν
493 2750 572 2834 πάρ’
597 2750 688 2815 οὐδέν
713 2753 799 2827 εἰσιν,
821 2753 866 2821 οῖς
891 2751 921 2815 δ’
947 2751 1037 2814 οῦδὲν
1060 2750 1158 2835 μέλει.

353 2835 470 2918 Οῖαπερ
494 2835 514 2897 ἁ
537 2833 696 2916 δέσποινα,
715 2836 818 2900 τοῖάδὶ
838 2838 858 2899 ἁ
881 2837 974 2899 κύων.

353 2918 429 2985 Οῖδέ
453 2942 485 2982 τε
507 2917 631 2984 Πυλαία
653 2926 759 3000 ταῦτα,
782 2922 833 2984 καὶ
856 2919 1018 3004 Τεττιγίας.

353 3003 455 3072 Οίκεῖς
479 3004 650 3082 θάλασσαν,
673 3005 806 3086 Γλαῦκε,
830 3010 883 3088 τῆς
904 3005 982 3074 πόας
1008 3008 1127 3088 φαγών.

353 3087 441 3154 Οίκυι
460 3087 593 3165 λέοντες,
616 3089 646 3152 ἐν
671 3092 755 3175 μάχη
779 3091 809 3153 δ’
830 3092 999 3159 ἀλώπεκες.

353 3172 440 3239 Οίκοι
462 3171 562 3256 μένειν
587 3175 637 3250 δεῖ
653 3176 704 3236 τδν
725 3177 829 3244 καλῶς
851 3175 1032 3257 εὐδαίμονα.

353 3256 441 3323 Οίκοι
462 3259 500 3321 τά
522 3255 686 3342 Μιλήσεια.
712 3261 752 3344 μὴ
774 3259 831 3344 γὰρ
853 3259 975 3322 ἐνθάδε.

353 3341 446 3407 Οἴνου
469 3344 564 3426 δὲμὴ
587 3343 738 3428 παρόντος
761 3344 818 3408 οῦκ
838 3344 901 3406 ἐστὶ
922 3341 1048 3426 Κύπρις.

353 3426 446 3493 Οίνυυ
468 3427 625 3496 κατιόντος
646 3428 843 3492 ἐπιπλέουσιν
865 3430 894 3490 οἱ
914 3427 1011 3509 λόγοι.

353 3509 436 3596 Οίνιρ
454 3514 504 3575 τδν
526 3511 619 3590 οῖνον,
640 3515 794 3597 κραιπάλη
819 3513 872 3596 τὴν
892 3513 1074 3597 κραιπάλην.

354 3594 428 3663 Οῖος
450 3594 584 3658 δεδιέναι
604 3599 713 3674 πάντα,
733 3597 788 3682 κᾷν
809 3621 837 3660 τι
861 3602 918 3679 μῦς
939 3596 1039 3681 ψοφῇ.

355 3678 420 3765 Οίιρ
444 3704 483 3763 με
504 3681 621 3762 δαίμων
644 3681 745 3766 τέρατι
769 3680 1012 3765 συγκατείρξατο.
