3059 4492
697 499 760 560 395

274 669 432 731 semiferis
456 671 546 730 sociis
567 670 605 728 ad
625 671 833 746 pandiculeria
852 687 941 728 sacra

272 755 354 829 Dux,
380 756 464 828 ades,
488 756 736 832 expergefaciens
759 753 936 814 vitulamina
955 755 1081 828 alumni,

274 839 348 902 cum
372 841 536 900 Brumabu'
555 842 614 900 tuis
639 841 791 900 comitans
809 842 887 899 bene
907 840 966 897 rite
986 849 1115 915 patrata,

172 929 173 940 ²
273 924 359 986 Haec
383 933 528 984 nocturna
546 944 643 999 sacra,
667 926 802 985 allucens
823 925 946 984 comitia
968 934 1083 1000 sancta,

272 1012 382 1084 Iubile,
405 1011 625 1089 thyrsigerens,
650 1019 737 1070 coetu
759 1012 888 1070 florente
911 1029 1079 1073 serescens.

454 1181 554 1238 Divae·
576 1181 693 1239 Veneris
718 1181 858 1257 Volupc'ac
880 1200 1004 1239 carmen.
1144 1181 1186 1240 54

275 1263 449 1342 Caeligena,
471 1264 611 1338 illustris,
633 1267 747 1338 ridens,
770 1275 877 1343 arguta
894 1265 1059 1336 Venustus,

274 1349 461 1428 Spumigeua
484 1370 501 1408 o
520 1351 663 1426 genitrix,
684 1343 889 1426 pernoctatrix
910 1351 1094 1421 veneranda,

274 1435 446 1512 Coniugula
462 1442 492 1492 et
510 1443 667 1509 nocturna,
692 1445 722 1494 et
743 1437 790 1495 vis
812 1444 881 1494 cata
898 1443 995 1492 mater
1017 1435 1147 1508 amicae;

275 1521 387 1581 Omnia
408 1539 479 1578 nam
504 1539 543 1578 ex
564 1528 605 1593 te,
627 1529 658 1579 tu
681 1521 827 1580 invexisti
845 1522 969 1580 foedera
989 1521 1106 1579 mnudi:

273 1607 311 1664 Et
331 1606 422 1663 trium
443 1605 510 1662 iura
531 1613 616 1664 tenes
639 1608 814 1680 Mortarum,
834 1614 942 1664 cuncta
962 1606 1109 1684 genisque

219 1717 223 1724 ⁸
275 1690 366 1751 Omni
386 1689 494 1762 modis,
515 1691 590 1748 coeli
610 1698 640 1748 et
662 1692 752 1749 terrai
772 1692 940 1769 frugiferai,

273 1777 313 1836 Et
335 1775 411 1834 salsi
431 1776 544 1848 mundi,
567 1795 692 1850 praeses
714 1777 908 1836 sanctissima
929 1776 1045 1847 Brumi,

275 1859 501 1920 Concelebrans
524 1861 644 1936 epulas,
668 1881 684 1918 o
706 1863 854 1936 pronuba,
878 1870 974 1918 mater
994 1879 1139 1932 amorum,

276 1945 388 2018 Suada,
410 1953 440 2002 et
463 1945 622 2004 strativola
641 1965 763 2018 arcana,
787 1954 817 2003 et
838 1947 905 2004 sali'
927 1944 1126 2017 conciliatrix,

274 2031 361 2104 Visa,
379 2030 488 2103 invisa,
513 2049 615 2090 comas
638 2031 850 2106 pulcherrima,
872 2031 1004 2108 patrima
1021 2029 1092 2101 Dia,

276 2115 446 2192 Sponsalis,
469 2116 604 2189 conviva,
629 2116 729 2174 Deum
751 2118 893 2189 Maiesta,
916 2117 1065 2192 Luperca,

274 2201 420 2259 Prolifica
441 2210 471 2259 et
489 2201 613 2272 Vituna,
635 2202 749 2273 virosa,
771 2201 924 2260 Lubentia
943 2208 1049 2259 mater.

276 2285 418 2362 Quaeque
440 2295 539 2344 arctas
560 2287 694 2345 homines
717 2288 912 2364 compagibus
934 2287 1156 2356 illecebrarum,

274 2373 315 2430 Et
336 2391 438 2448 genus
456 2390 546 2429 omne
568 2371 754 2429 animantum
779 2381 901 2430 aeterno
922 2372 1044 2429 volnere
1062 2371 1190 2442 amorie;

275 2457 370 2516 Adsis
391 2457 583 2534 caprigenum
603 2475 749 2534 sanguen,
774 2458 838 2516 sive
860 2458 937 2514 atria
957 2455 1042 2515 Coeli

274 2541 335 2600 Dia
354 2543 478 2617 premia,
499 2542 603 2600 ridens
622 2543 731 2619 regina·
744 2543 875 2599 micante
890 2542 1017 2614 labello,

277 2626 436 2686 Turiferae
457 2626 562 2688 Suriae
585 2645 639 2685 seu
658 2626 771 2687 lustras
792 2628 905 2702 templa
927 2629 1028 2699 beata,

277 2711 350 2772 Sive
370 2713 402 2770 in
423 2712 605 2786 aequoribus
630 2713 727 2788 campi
743 2713 974 2788 ,splendentibu'
995 2713 1075 2789 bigis

275 2797 407 2871 Propter
428 2799 544 2869 habens
566 2805 694 2874 augusta
711 2798 846 2857 Melonis
866 2798 993 2857 flumina
1013 2797 1117 2874 opimi,

275 2883 335 2941 Vel
355 2883 381 2941 si
400 2883 552 2940 littoribus
570 2883 672 2957 pullis,
694 2903 789 2960 prope
810 2903 961 2941 marmora
983 2881 1065 2957 ponti

277 2965 446 3027 Ooelituum
468 2968 582 3045 gaudes
602 2967 685 3025 Diva
707 2965 908 3026 exultantibu'
930 2968 1039 3039 turbiS,

276 3056 339 3112 Aut
362 3053 452 3110 etiam
473 3053 609 3112 tremulis
624 3053 717 3128 'pusis
740 3053 772 3110 in
792 3053 928 3130 gramine
951 3061 1051 3109 terrae

275 3137 436 3204 Littoreos
452 3138 491 3195 ad
513 3137 653 3214 pulvinos
678 3156 744 3195 cum
768 3146 912 3213 praepete
934 3155 1032 3208 curru,

277 3221 402 3284 sivein
425 3221 526 3298 (lupro
549 3231 644 3280 matre
668 3230 730 3296 tua,
752 3224 806 3281 ubi
826 3223 883 3279 rite
906 3221 1050 3279 novellae

277 3309 324 3366 Te
349 3327 460 3383 puerae
479 3309 635 3384 innuptae,
659 3315 688 3365 et
709 3316 833 3384 nuptae,
856 3307 993 3365 formosa
1011 3303 1174 3380 quotannis

278 3391 504 3452 concelebrant
525 3394 630 3470 regina
653 3400 743 3468 atque
754 3393 917 3469 indigetem
930 3391 1030 3449 Deum
1042 3389 1191 3448 Adonem.

276 3478 348 3538 Huc
369 3479 453 3538 adsis
476 3497 601 3554 compos
624 3479 791 3554 spectandi,
813 3477 894 3535 Diva
912 3476 1039 3553 leporis,

276 3562 359 3622 Nam
382 3578 457 3639 pura
479 3573 508 3621 te
529 3573 630 3622 mente
657 3563 725 3622 colo
748 3563 950 3640 precibusque
971 3559 1100 3636 pudicis.
1190 3605 1195 3612 .
