3059 4492
1385 458 1502 519 103

518 626 820 685 Admovet
865 628 1206 686 obsessore
1235 635 1548 686 venturam
1598 627 1863 705 desuper
1902 629 2037 688 urbi

520 711 656 773 Urit
695 711 980 771 defensor
1024 713 1314 771 saturatis
1356 713 1589 771 sulfure
1634 712 1774 771 vivo

520 795 844 869 Malleolis.,
889 797 1187 874 piceoque
1230 797 1543 857 instructis
1583 797 1723 874 igne
1765 797 2074 874 maniplis.

521 884 640 940 Aut
680 881 885 940 subito
929 899 1248 959 emergens
1293 884 1487 958 portis
1532 882 1790 941 obsessa
1828 882 2108 943 iuventus

520 966 929 1026 Flammiferis
971 967 1208 1026 facibus
1253 968 1499 1026 dextras
1540 974 1774 1024 armata
1815 976 2101 1028 nocentes

519 1051 637 1110 Per
680 1053 955 1128 peritura
1000 1054 1214 1130 vagam
1261 1054 1496 1130 spargit
1536 1052 1872 1109 munimina
1908 1061 2167 1128 pestem,

520 1137 588 1195 In
636 1155 754 1196 sua
797 1138 1120 1196 frustratos
1166 1138 1378 1196 hostes
1421 1137 1684 1196 tentoria
1726 1155 1973 1214 cogens.

523 1219 782 1281 Caetera
820 1220 964 1296 quid
1007 1222 1288 1293 referam,
1335 1241 1492 1299 quae
1529 1222 1768 1283 Phoebi
1807 1223 2052 1280 numine
2100 1224 2303 1300 plenis

519 1305 859 1380 Exequitur
899 1306 1054 1365 velis
1097 1307 1233 1364 aevi
1272 1326 1562 1366 mansura
1603 1326 1716 1384 per
1762 1307 1941 1367 orbes

520 1390 769 1469 Lipsius
817 1391 1186 1464 innumeros,
1234 1392 1579 1467 chartisque
1624 1399 1873 1450 aeterna
1917 1384 2199 1467 saciavit,

519 1476 734 1535 Prisca
772 1495 885 1553 per
927 1477 1211 1535 assiduos
1259 1477 1615 1553 complexus
1659 1477 1815 1535 facta
1860 1476 2149 1538 labores?

522 1559 636 1635 Qui
675 1579 1021 1671 quffnquam
1068 1562 1184 1619 hoc
1240 1568 1410 1620 tanto
1460 1562 1733 1620 devinxit
1769 1562 2025 1639 pignore
2072 1573 2310 1640 geu-tes,

519 1645 759 1705 Natura
791 1653 993 1704 tamen
1037 1647 1113 1703 ad
1153 1665 1424 1705 summos
1465 1654 1783 1704 revocante
1828 1658 2101 1723 paratus,
2348 1648 2356 1657 '

519 1732 788 1790 Inseruit
835 1731 1010 1790 coelo
1059 1731 1335 1810 vigilacis
1380 1731 1612 1789 lumina
1658 1733 1878 1791 mentis

522 1814 687 1877 Scita
733 1817 1131 1876 instaurando
1176 1817 1454 1894 neglecta
1498 1817 1802 1892 prioribus
1846 1819 2046 1889 annis,

519 1901 795 1961 Porticus
841 1904 1074 1961 Actaea
1112 1902 1416 1976 quondam
1463 1921 1620 1978 quae
1666 1902 1871 1960 sanxit
1904 1902 1965 1959 in
2015 1903 2196 1962 urbe:

519 1987 597 2045 Et
640 1994 881 2045 veteres
930 1985 1202 2047 Senecae
1249 1986 1520 2045 recolens
1566 1987 1914 2061 praedivitis
1958 1987 2166 2045 hortos

518 2073 846 2148 Excerpsit
888 2072 1103 2130 florum
1150 2072 1424 2149 digestos
1471 2071 1637 2128 mille
1683 2070 1935 2129 colores.

522 2156 656 2232 Quo
697 2164 761 2213 te
796 2166 1174 2234 praeteream
1223 2155 1465 2216 Corneli
1509 2175 1729 2233 magne
1769 2155 1988 2232 piaclo,

521 2241 835 2318 Tempora
872 2261 1052 2318 quem
1089 2259 1394 2317 nunquam
1417 2241 1695 2299 Tacitum
1737 2249 1991 2298 ventura
2026 2236 2358 2297 tacebunt?

521 2323 639 2398 Qui
683 2327 858 2384 modo
892 2346 1200 2404 purpurea
1235 2338 1559 2385 renovatus
1606 2327 1876 2384 membra
1918 2326 2184 2395 iuventa,

519 2410 603 2470 Ut
648 2430 830 2487 quem
874 2413 1164 2470 cinameis
1202 2420 1488 2489 reparant
1525 2410 1810 2468 incendia
1852 2410 2037 2481 nidis,

521 2493 703 2558 Secla
747 2497 956 2554 decem
1000 2498 1232 2573 quoties
1279 2497 1430 2555 vixit
1469 2496 1812 2554 Phoebeius
1856 2513 2062 2565 oscen,

523 2581 831 2657 Quicquid
879 2599 970 2654 es,
1021 2583 1160 2640 huic
1200 2590 1394 2639 totum
1441 2581 1651 2653 debes,
1701 2582 1798 2638 cui
1837 2580 2102 2656 plurima
2137 2577 2322 2634 debet

520 2666 806 2739 Mundus,
859 2674 918 2724 et
962 2668 1245 2742 antiquae
1286 2666 1554 2745 gaudent
1596 2686 1717 2742 quo
1763 2666 2001 2724 vindice
2043 2665 2309 2735 chartae,

523 2749 685 2810 Cura
734 2753 955 2827 quibus
997 2753 1195 2828 Lipsii
1239 2752 1544 2829 fugientes
1590 2751 1851 2808 reddidit
1893 2768 2105 2809 annos.

606 2834 864 2912 Singula
907 2837 1015 2895 sed
1049 2837 1212 2896 laxis
1255 2837 1753 2895 circumvectatus
1796 2836 2051 2895 habenis

520 2921 848 2998 Expatior‚
889 2922 1069 2979 celeri
1112 2930 1391 2998 raptante
1436 2941 1549 2998 per
1588 2940 1733 2980 aera
1774 2939 1972 2994 curru,

519 3003 683 3064 Dum
727 3026 825 3064 me
869 3007 1288 3083 praecipitem,
1336 3007 1536 3083 Lipsi‚
1580 3016 1685 3065 tua
1732 3007 2004 3064 maxima
2045 3005 2235 3063 virtus

520 3089 744 3168 Ignota
789 3091 1042 3169 regione
1085 3092 1263 3167 rapit,
1313 3111 1510 3166 neque
1556 3093 1825 3169 suppetit
1865 3092 2042 3148 ardor

523 3173 789 3235 Conanti
831 3178 1094 3253 spatium
1141 3178 1300 3235 vasti
1345 3178 1757 3235 transmittere
1804 3177 2022 3250 campi,

524 3258 637 3320 Cui
681 3262 787 3318 vix
832 3262 1060 3320 emisso
1104 3263 1178 3320 de
1229 3262 1438 3319 limine
1486 3262 1771 3333 carceriS‚
1817 3269 1980 3332 aute,

526 3345 723 3421 Quam
767 3346 940 3424 tetigi
981 3357 1197 3420 metas,
1236 3366 1420 3424 aeger
1461 3347 1647 3404 trahit
1688 3346 1797 3403 ilia
1835 3343 2072 3421 pulsus*

525 3429 708 3505 Quod
751 3431 988 3505 damus,
1034 3432 1294 3490 officium
1343 3431 1494 3490 satis
1539 3440 1653 3504 est,
1697 3450 1813 3487 non
1857 3448 2120 3504 carmen*
2164 3436 2356 3492 amico

523 3514 826 3592 Impendi‚
874 3535 950 3574 ne
999 3536 1116 3576 nos
1164 3535 1346 3575 succo
1391 3515 1664 3592 loliginis
1710 3522 1886 3571 atrae·

526 3597 827 3674 suffusos,
867 3610 974 3660 aut
1009 3602 1278 3660 invidiae
1322 3601 1631 3659 maduisse
1677 3618 1915 3656 veneno

523 3683 787 3745 Postera
832 3687 928 3745 vel
980 3687 1207 3759 credat,
1251 3686 1349 3745 vel
1391 3701 1689 3762 praesens
1738 3692 1952 3762 arguat
1993 3696 2184 3744 aetus.
2244 3702 2247 3713 ·
2311 3724 2355 3741 m
