3059 4492
806 530 846 591 98

750 615 902 625 ——

370 701 485 758 Rumor
501 700 538 757 ab
562 718 674 758 occasu
696 698 773 757 caeli
796 699 912 757 delatus
938 697 1106 772 adortum,

370 784 417 843 Te
440 783 558 844 nescire
579 792 698 857 vetans,
720 779 802 842 clero
828 784 909 858 quod
929 781 1036 860 Belgis
1057 784 1179 859 planctu

370 869 494 929 Nesciri
514 869 661 946 prohibet,
684 888 740 926 nec
761 888 835 928 mox
853 870 977 942 Europa
998 867 1109 927 silebit.

370 954 451 1014 Nam
475 955 568 1013 veluti
586 954 687 1032 magni
709 953 800 1011 Titan
818 953 870 1010 fax
890 952 1009 1028 publica
1030 953 1134 1012 mundi

370 1039 444 1099 Non
465 1058 499 1098 se
521 1040 613 1097 celari
635 1040 755 1115 patitur,
778 1038 905 1113 visuque
924 1037 1025 1096 notari

372 1123 414 1185 Se
436 1124 535 1197 docet,
556 1124 684 1183 infernis
707 1123 755 1182 vel
779 1141 846 1182 oum
869 1141 924 1181 suu
945 1123 1060 1202 lumina
1081 1123 1172 1182 terris

370 1209 521 1285 Explicat,
543 1209 683 1285 opposita
699 1209 747 1266 vel
769 1225 835 1266 cnm
858 1215 948 1285 negat
968 1207 1020 1264 illa
1043 1225 1165 1266 sorore:

372 1293 424 1355 Sic
444 1293 496 1368 qui
516 1294 584 1351 luce
606 1313 662 1352 sua
680 1312 822 1371 magnum
844 1292 1021 1368 complexus
1045 1292 1209 1370 Olympum

371 1379 409 1437 In
427 1397 462 1438 se
482 1379 621 1437 mirantis
642 1379 726 1438 visus
750 1377 920 1436 adverterat
940 1377 1035 1448 orbis,

371 1462 538 1539 Lipsiaden
558 1471 639 1521 tanto
661 1463 796 1522 defectae
819 1463 884 1522 sole
905 1463 1072 1537 requirunt,

372 1548 457 1624 Quas
477 1548 564 1607 vivus
583 1549 678 1606 nitido
699 1548 831 1624 perfudit
846 1547 959 1605 lumine
980 1553 1099 1624 gentes,

291 1696 293 1705 ,
372 1633 538 1707 Postquam
559 1633 619 1690 tale
639 1633 727 1691 iubar
747 1633 877 1691 flammis
896 1632 1016 1710 insigne
1035 1631 1171 1690 coruscis

372 1717 527 1776 Irradiens
549 1726 684 1777 nostrum
708 1718 828 1793 scriptis
848 1717 1017 1777 illustribus
1033 1735 1140 1775 aevum

372 1802 521 1862 Maerenti
543 1803 654 1860 mundo
673 1822 734 1860 nox
753 1803 913 1878 intercepit
936 1803 1049 1862 oborta.

371 1886 442 1947 Non
465 1887 510 1946 sic
533 1889 662 1946 obscuro
683 1888 843 1947 confundit
863 1887 977 1946 lumine
999 1886 1106 1964 vulgus

358 1968 554 2032 ¹incumbens
576 1973 709 2031 tenebris
732 1973 855 2032 excluso
875 1973 966 2031 Delia
985 1973 1088 2044 fmtre,

371 2058 415 2118 Ut
434 2077 514 2117 nuuc
531 2059 649 2134 sopitas
674 2058 816 2118 decorum
839 2058 974 2117 studiosa
995 2058 1147 2129 iuventus,

371 2145 411 2203 Et
429 2143 513 2202 velut
533 2143 629 2203 eletas
654 2142 686 2200 in
703 2142 803 2219 Lipsii
824 2144 930 2202 funere
951 2142 1035 2220 luget

369 2228 490 2306 Ingenii
508 2247 592 2288 raras
615 2228 733 2306 magnis
755 2248 824 2287 oum
844 2229 965 2288 dotibus
986 2235 1076 2286 artes.

371 2311 434 2373 Sed
455 2332 510 2372 sue
534 2312 590 2373 Sol
612 2322 743 2388 reparat,
763 2322 884 2391 reparat
905 2312 1065 2388 dispendia
1085 2309 1230 2372 Phoebe:

369 2398 461 2456 Illum
481 2405 545 2467 tuta
566 2399 652 2474 quies
677 2399 819 2458 reducem
839 2419 902 2459 non
920 2404 1039 2457 asseret
1056 2395 1130 2454 orbi.

372 2481 445 2543 Sola
463 2483 520 2541 viri
541 2491 656 2542 tantum
678 2503 741 2542 non
759 2504 821 2542 una
842 2491 926 2559 perte
944 2489 1097 2558 superstes

370 2567 455 2625 Vivit
476 2567 554 2626 etin
578 2569 699 2643 scriptis
719 2570 856 2630 absentis
879 2569 972 2644 spirat
993 2569 1092 2644 imago

369 2652 560 2726 Expressam
577 2653 713 2712 referens
735 2654 877 2728 speciem,
898 2653 1016 2728 vivique
1037 2652 1178 2710 colorem.

370 2735 470 2809 thue
489 2744 607 2811 petrum
630 2737 746 2796 similes
769 2739 868 2798 vultus
891 2739 922 2796 in
947 2737 1032 2813 prole
1053 2736 1204 2808 relucent3

371 2819 424 2881 Sic
447 2821 542 2878 animi
559 2822 667 2881 niveos
690 2822 808 2881 effinxit
827 2824 938 2901 pagine
959 2840 1068 2880 mores.

370 2904 452 2965 Nam
475 2925 551 2982 quae
574 2925 680 2982 corpus
703 2908 785 2966 iners
807 2910 904 2969 bustis
928 2907 1073 2966 feralibus
1096 2905 1197 2978 infert,

371 2990 526 3052 Terrenus
550 2992 646 3051 oculis
665 3000 780 3050 tantum
800 3013 882 3054 mors
901 2993 1015 3052 invidet
1037 3000 1131 3050 artus.

370 3079 412 3136 At
433 3094 503 3152 pars
523 3077 654 3136 nobilior
676 3078 755 3136 natis
781 3079 811 3137 in
834 3077 957 3138 saecula
976 3077 1059 3136 mille

369 3162 526 3222 Asseritur
544 3161 644 3235 libris,
666 3182 817 3239 parvaque
839 3165 870 3222 in
894 3162 1025 3242 imagine
1046 3161 1129 3221 vivit.

371 3246 438 3320 Quo
460 3247 569 3325 magis,
591 3267 609 3306 ο
631 3247 729 3322 Lipsi‚
754 3249 815 3310 sibi
837 3258 866 3308 te
885 3269 948 3308 non
971 3247 1072 3306 credet
1091 3247 1243 3304 ademtum

369 3330 551 3404 Posteritas‚
576 3351 643 3389 cum
664 3340 694 3390 te
715 3353 770 3409 per
790 3343 832 3394 tot
851 3335 1038 3393 monimenta
1058 3333 1219 3410 vigentem,

369 3415 489 3491 Perque
507 3424 553 3476 tot
571 3417 681 3492 eloquii
700 3418 801 3480 foetus
824 3421 939 3496 spirare
962 3417 1083 3477 videbit.

371 3498 430 3572 Qui
447 3503 590 3575 quoniam
611 3503 736 3577 multos,
764 3525 841 3580 quos
863 3505 1074 3564 immoderatus
1098 3500 1199 3580 adegit

370 3581 529 3644 Scribendi
549 3588 663 3660 fervor,
685 3588 843 3664 laudisque
866 3589 964 3647 effuse
987 3584 1107 3660 cupide,

369 3668 493 3728 Viribus
513 3671 627 3746 ingenii
646 3691 782 3746 superas,
802 3689 957 3750 regnoque
975 3669 1129 3744 loquendi,

369 3753 484 3813 Iccirco
505 3753 653 3828 quaedam
673 3755 813 3814 caelestis
837 3756 966 3831 pignora
990 3754 1098 3813 mentis
