3059 4492
730 471 882 567 gao—

574 641 681 700 'Aliud
703 658 742 700 ex
764 640 884 702 Gallico
904 641 1021 699 incerti.

351 721 417 787 ἔστι
435 745 479 791 τις
499 722 530 784 ἐν
556 723 725 807 φθονεραῖς,
741 724 840 787 δεινὸν
863 722 963 807 τέρας,
993 723 1028 790 ὃς
1045 721 1083 784 τὰ
1105 719 1266 806 Μαρώτοο

393 806 474 890 ἡδέα
498 807 552 890 μὲν
576 809 698 891 φάσκει,
721 808 840 892 σκληρὰ
860 807 895 870 δὲ
916 806 999 889 τάμὰ
1020 805 1137 883 πέλειν,

351 891 567 998 ἀμφοτέροισι,
586 891 696 973 λέγων,
718 893 819 998 δάφνη
845 893 899 1002 μὲν
922 889 1045 999 ἔπαθλα
1066 888 1216 975 Μαρώαῳ
1305 936 1311 945 ·

351 974 734 1145 τίπῗὲιβμεοιίᾙλνΒιᾛιζνῗέεδις,η
758 998 842 1123 αδδεδ)
855 973 1058 1143 liupila&
1079 1061 1269 1142 προσάπτειν

395 1145 558 1222 οπεοδεαις
580 1145 643 1210 οὐκ1
661 1145 759 1222 οἶδας,
782 1145 925 1230 βάσκανα,
944 1149 1054 1207 ociori
1076 1143 1115 1206 τὰ
1136 1145 1195 1220 σάς

420 1315 563 1378 Segusione
581 1317 614 1364 ad
631 1317 729 1366 radices
743 1317 852 1380 Alpium
869 1316 897 1363 in
907 1315 999 1364 aulaeo
1009 1313 1140 1364 Basilicas
1149 1315 1269 1365 intextae

505 1391 565 1434 sunt
583 1387 650 1434 duae
666 1385 793 1446 mulieres,
811 1385 928 1446 singulae
943 1399 1050 1446 puerum
1060 1382 1188 1432 infantem
1197 1384 1269 1434 ulnis
1366 1400 1367 1419 ι

456 1493 459 1500 ,
503 1459 649 1515 gestantes,
669 1461 694 1502 ct
713 1469 741 1503 se
758 1462 851 1502 mutuo
868 1453 1046 1516 respicientes,
1066 1453 1185 1502 versibus
1206 1451 1271 1502 Gal·
1366 1472 1367 1523 ;

503 1521 559 1570 licis
585 1521 722 1571 inconditis
747 1523 780 1570 ad
802 1523 882 1586 pedes
902 1537 989 1570 earum
1007 1521 1129 1584 adjectis,
1158 1537 1271 1586 quorum

507 1592 660 1640 sententiam
678 1590 731 1642 Ios.
750 1591 800 1638 hoc
817 1590 1001 1654 epigrammate
1013 1588 1111 1639 Graeco
1130 1592 1270 1654 expressit.

352 1666 497 1751 ἡμετέραν
520 1669 574 1753 μὲν
595 1669 701 1745 παῖδε,
721 1670 772 1732 καλ
792 1668 955 1752 ἡμετέροιν
978 1670 1038 1732 ἀπὸ
1058 1669 1182 1733 παίδοιν

397 1753 501 1830 παῖδε,
527 1753 699 1836 κασιγνήτω
721 1753 754 1816 θ’
776 1753 938 1837 ἡμετέροιν
963 1753 1094 1837 ἀνέροιν.

353 1835 501 1921 ἀλλήλοιν
524 1837 613 1914 θείω,
636 1839 687 1900 καὶ
711 1839 870 1922 ἀδελφιδῶ
893 1839 1051 1922 ἀλλήλοιϊν

397 1921 578 2008 ἀμφότεροι,
599 1923 736 2007 νομίμων
762 1923 789 1985 δ’
812 1923 984 2005 ἐκγεγαῶτα
1007 1924 1125 2006 γάμων.

602 2094 718 2154 Versus
742 2093 854 2154 Gallici
875 2096 907 2152 hi
929 2102 1010 2154 suntt

438 2179 504 2238 Nos
519 2180 569 2252 fils
590 2190 656 2238 sont
674 2199 726 2238 οοε
742 2182 802 2254 fils,

439 2265 545 2322 Freres
572 2274 599 2322 et
612 2265 661 2338 fils
683 2270 702 2324 ὰ
724 2285 777 2323 noa
796 2268 895 2336 moria,

440 2348 519 2406 L'ca
543 2353 561 2406 ὰ
586 2350 690 2408 l’aatre
711 2351 805 2408 cocles
823 2359 851 2407 et
868 2367 1012 2424 nepoeas;

439 2435 519 2492 Ναίν
539 2436 575 2492 de
597 2434 675 2510 lopal
697 2437 828 2512 mariope
853 2444 927 2492 touta
951 2435 1034 2493 deuo.

478 2677 619 2756 runnu
646 2619 741 2758 sral
770 2680 924 2757 οοοοο
940 2679 1157 2757 saona.

419 2829 488 2890 Hos
509 2829 643 2889 Graecos
665 2849 773 2889 versus
796 2831 955 2890 effudimus
968 2830 1082 2906 potius,
1098 2849 1190 2906 quam
1206 2849 1270 2888 me-

356 2915 443 2974 (litati
466 2934 583 2974 sumus:
605 2916 638 2973 id
658 2916 740 2990 quod
761 2923 791 2975 et
809 2916 968 2993 angustiae
985 2916 1144 2993 temporis,
1160 2916 1271 2990 quibus
1366 2962 1367 2965 ,

357 3001 551 3078 scripsimus;
574 3007 604 3058 et
625 3001 725 3074 amici,
747 3001 856 3076 quibus
870 3021 927 3061 nos
940 3001 1037 3078 rogati
1050 3003 1107 3060 has
1122 3000 1271 3078 pauculas

356 3087 449 3145 horas
472 3086 684 3162 impendimus,
705 3087 812 3145 testari
832 3087 960 3163 possint.
982 3086 1025 3145 Ut
1044 3087 1190 3144 meliores
1211 3086 1273 3144 sint

357 3189 476 3245 versus,
498 3179 527 3228 et
550 3172 672 3230 maioris
696 3172 749 3229 otii
769 3191 844 3246 opus
864 3180 921 3244 est,
948 3179 979 3228 et
990 3172 1124 3230 melioris
1145 3170 1272 3247 ingenii.
1366 3176 1367 3223 ξ

356 3255 444 3315 Ηοεο
465 3267 565 3315 autem
579 3257 741 3330 Publicus,
755 3257 892 3332 quamvis
903 3259 982 3314 inter
994 3276 1094 3336 nugas
1105 3255 1273 3314 theatrales
1366 3328 1367 3333 η

356 3341 479 3416 iactata,
499 3352 601 3402 tamen
620 3343 691 3417 quid
712 3350 838 3415 rectum,
852 3341 925 3416 quid
938 3342 1013 3399 utile
1031 3344 1082 3414 sit,
1103 3341 1191 3398 iuxta
1204 3340 1273 3399 Ho-

355 3428 477 3501 ratium,
504 3428 611 3487 molius
635 3426 809 3505 Chrysippo
831 3435 862 3484 et
882 3425 1029 3485 Crantore
1048 3428 1161 3491 dicunt.
1209 3425 1273 3483 Ita·

357 3530 415 3586 que
437 3532 589 3589 nunquam
609 3512 681 3572 illos
707 3512 744 3569 de
765 3511 905 3570 manibus
926 3511 1079 3589 deponant
1100 3530 1163 3569 non
1184 3509 1275 3587 pueri

357 3603 484 3670 tantum,
505 3599 559 3657 sed
578 3598 670 3655 etiam
691 3597 862 3655 doctiores:
880 3598 959 3672 quod
982 3597 1063 3655 idem
1079 3597 1118 3654 de
1129 3594 1276 3673 Dionysii

358 3677 482 3740 Catonis
504 3677 651 3741 Distichi's
674 3681 786 3740 dictum
805 3681 884 3739 volo.
