3059 4492
1364 479 1480 539 105
2733 247 2739 646 l

499 648 842 710 Contemtis
888 647 1131 723 opibus,
1173 649 1396 725 spretis
1435 648 1845 726 popularibus
1885 650 2071 721 auris,

583 735 1018 806 ventosaeque
1063 733 1255 811 fugax
1301 734 1671 805 ambitioniS,
1716 735 1885 792 obis:

498 818 786 880 Praemia
831 817 1017 893 quina
1049 827 1261 893 quater
1303 819 1527 877 Piseae
1574 820 1814 878 functus
1862 818 2096 877 olivae:

583 905 667 962 Et
713 903 998 978 linquens
1043 903 1231 961 animi
1275 906 1533 980 pignora
1568 922 1709 961 rara
1749 905 1865 961 tui:

501 990 572 1048 In
619 988 855 1063 quibus⁴
886 987 1048 1044 haud
1087 989 1198 1046 tibi
1248 1007 1316 1047 se
1362 989 1701 1047 anteferent
1742 1007 1889 1062 quos
1934 987 2092 1045 Itala
2128 996 2299 1047 vates

585 1073 787 1131 Terra
822 1072 1014 1143 dedit3
1061 1092 1174 1131 nec
1217 1093 1373 1148 quos
1420 1072 1627 1132 Gallia
1668 1081 1861 1132 mater
1903 1072 2034 1146 alit,

502 1158 870 1233 Aequabunt
908 1157 1150 1234 genium
1194 1158 1392 1217 felicis
1437 1158 1747 1231 carminis,
1786 1168 1847 1216 et
1889 1177 2044 1233 quae

589 1243 779 1303 Orbis
822 1242 1007 1300 habet
1051 1243 1251 1300 famae
1296 1243 1547 1303 conscia
1588 1243 1764 1322 signa
1811 1252 1970 1301 tuae.

505 1328 788 1403 Namque
833 1327 911 1384 ad
956 1346 1305 1404 supremum
1345 1329 1651 1405 perducta·
1686 1328 1931 1405 poetica
1971 1327 2211 1386 culmen

589 1414 664 1472 In
703 1421 768 1470 te
807 1419 948 1484 stat,
995 1432 1108 1470 nec
1148 1432 1264 1488 quo
1305 1414 1724 1491 progrediatur
1768 1414 1967 1472 habet.

511 1496 766 1575 Imperii
814 1497 1014 1554 fuerat
1055 1498 1322 1556 Romani
1364 1497 1577 1559 Scotia
1612 1498 1824 1558 limes:

589 1581 860 1641 Romani
905 1581 1130 1658 eloquii
1177 1582 1388 1645 Scotia
1432 1584 1573 1642 finis
1614 1584 1746 1641 erit.

824 1750 918 1808 12.
1010 1741 1402 1829 Epitaphium
1444 1753 1771 1810 Abrahami
1817 1751 2038 1809 ortelii.

513 1837 675 1915 Quid
722 1835 991 1913 dignum,
1043 1837 1260 1910 Orteli,
1305 1837 1449 1913 quid
1474 1856 1759 1914 magnum
1781 1844 2031 1912 pectore
2050 1852 2342 1912 promam,

596 1923 733 1998 Quo
776 1921 1019 1997 possim
1060 1923 1254 1980 cineri
1291 1923 1525 1982 solvere
1569 1923 1731 1980 iusta
1775 1921 1919 1978 tuo?

511 2008 836 2068 Exciturus
882 2025 1046 2064 eram
1092 2008 1303 2067 doctas
1349 2008 1410 2065 in
1449 2006 1714 2065 carmine
1761 2005 1986 2064 Divas:

595 2091 887 2152 Carmina
931 2101 1072 2150 sunt
1117 2092 1366 2151 meritis.
1391 2092 1685 2150 inferiora
1722 2091 1861 2149 tuis.

511 2176 965 2255 Impendendus
1011 2185 1140 2235 erat
1185 2178 1480 2236 Mundus:
1528 2177 1635 2236 sed
1676 2183 1920 2253 pectore
1952 2173 2241 2232 Mundum

596 2260 865 2339 Cepisti:
911 2260 1294 2341 laudesnon
1319 2262 1514 2339 capit
1546 2262 1649 2319 ille
1692 2269 1848 2319 tuas.

517 2348 679 2424 Quid
717 2345 979 2404 faciam?
1019 2347 1235 2406 melius
1285 2349 1519 2424 coeptis
1566 2345 1891 2404 desistere:
1934 2342 2188 2401 abunde.

594 2432 930 2503 Laudatur,
973 2434 1070 2490 cui
1105 2433 1242 2492 laus
1285 2433 1453 2494 nulla
1499 2441 1595 2490 sat
1633 2450 1773 2490 esse
1814 2435 2039 2506 potest.

900 2599 993 2659 13.
1080 2603 1159 2659 In
1203 2604 1417 2660 obitum
1457 2603 1638 2660 Elias
1682 2599 1961 2657 Putschii.

517 2691 673 2766 Ergo
717 2687 852 2758 tibi,
895 2684 1170 2759 Putschi,
1215 2707 1435 2764 magna
1479 2695 1540 2744 et
1580 2684 1898 2763 praeclara
1941 2684 2209 2764 minanti·

600 2773 875 2830 Iniecere
912 2771 1121 2829 avidas
1167 2772 1375 2830 invida
1410 2773 1539 2829 fata
1578 2769 1839 2828 manus?

521 2858 658 2918 Heu
703 2856 810 2915 ubi
853 2863 994 2915 sunt
1032 2856 1287 2930 fructus,
1332 2876 1487 2933 quos
1533 2875 1629 2914 me
1674 2873 1921 2932 sperare
1960 2854 2272 2925 iubebant,

599 2943 699 3003 Ah
722 2942 1034 3001 ‘frustrata
1073 2961 1272 3000 meam
1309 2941 1556 2999 credula
1592 2949 1739 2999 vota
1783 2939 2010 2999 fidem?

519 3029 631 3088 Ille
675 3026 1124 3089 camoenarum
1167 3027 1344 3086 cultis
1391 3044 1729 3104 generosus
1770 3024 1835 3083 in
1881 3024 2073 3084 hortis

600 3111 929 3173 Flosculus
973 3130 1005 3168 e
1050 3120 1262 3170 tenera
1305 3132 1551 3189 surgere
1593 3111 1799 3169 iussus
1839 3109 2046 3182 hum0,

524 3200 708 3259 Ortus
753 3205 813 3255 et
851 3215 1185 3273 oppressus
1230 3197 1410 3256 simul
1443 3205 1555 3256 est.
1611 3215 1733 3254 una
1779 3194 2017 3266 extulit,
2062 3211 2183 3251 una

602 3281 894 3355 Abstulit,
936 3291 1003 3339 ut
1046 3301 1294 3362 gramen
1340 3281 1681 3352 solstitiale,
1720 3281 1870 3338 dies.

525 3367 738 3428 Gloria
771 3374 1039 3426 maturos
1084 3369 1194 3426 tibi
1237 3369 1358 3425 iam
1400 3367 1767 3445 properabat
1808 3363 2093 3421 honores:

604 3453 876 3532 Ingeniis
912 3455 1161 3529 -m'agnis
1203 3453 1324 3511 iam
1365 3452 1723 3511 metuendus
1768 3467 1925 3507 eras.

528 3538 654 3596 Iam
691 3539 803 3597 tibi
845 3538 1104 3597 decurso
1152 3538 1349 3615 spatio
1391 3538 1484 3596 vis
1525 3535 1762 3594 fervida
1803 3534 2023 3592 mentis

609 3622 959 3701 Stringebat
1003 3631 1200 3683 metas
1243 3624 1535 3682 interiore
1580 3627 1729 3678 rota.

532 3707 655 3766 Iam
696 3708 1094 3787 promittebat
1136 3709 1376 3766 facilem
1415 3706 1691 3765 Victoria
1732 3703 2033 3781 palmam:
