3059 4492
765 430 829 492 296

338 603 387 662 Ea
405 600 624 677 circumstrepit
645 599 800 659 hominum
823 602 920 659 turba.

271 691 321 746 165
338 686 406 758 Nee
426 705 484 745 nos
504 693 609 744 eontra
630 685 770 744 conferre
789 687 898 763 pedem

340 772 517 843 Possumus,
539 772 666 829 absente
688 771 779 829 modo
800 779 857 829 te..

338 857 381 917 Ut
404 864 600 932 conspectum
619 855 724 933 fugere
745 863 840 928 tuum,

339 940 514 1017 strepitant,
535 939 633 1016 qualis
657 940 800 1000 defuncta
821 948 904 998 metu

337 1025 486 1099 Vulturis,
508 1025 608 1084 avium
630 1027 717 1084 turba
738 1027 903 1084 volantum.

340 1111 432 1186 Quod
456 1111 483 1170 si
505 1110 613 1186 subitis
634 1111 711 1168 citus
733 1112 860 1184 existas,

272 1205 322 1260 170
339 1195 416 1256 Muti
437 1194 773 1280 fugiantxtrepidanter.
948 1245 951 1252 .

689 1279 819 1358 stropha
841 1280 902 1338 XI.

340 1367 431 1424 Anne
454 1363 556 1422 Diana
576 1371 659 1422 tuum
679 1367 802 1425 soboles
822 1364 908 1427 Iovis

339 1450 402 1526 (Ah
423 1449 489 1507 fera
511 1449 600 1520 fama,
625 1450 701 1522 fera,

338 1535 436 1594 Mater
457 1533 624 1610 ah·probri
643 1535 717 1611 mei)

338 1619 376 1677 In
395 1618 503 1696 volgus
524 1626 726 1678 armentorum
747 1619 878 1679 animum
898 1617 1029 1689 furiavit,

339 1705 401 1763 Aut
420 1704 494 1762 orba
514 1703 613 1761 fructu
631 1704 732 1762 debito
754 1705 910 1776 victoriae,

338 1790 401 1848 Aut
423 1788 591 1864 spoliorum
615 1789 713 1864 aliquo

303 1943 305 1948 ¹
338 1874 495 1933 Frustrata
514 1873 643 1946 honore,
667 1881 719 1932 aut
741 1871 858 1930 hinnlei
878 1871 1016 1930 exuviis?

338 1958 508 2017 Bellonane
524 1978 565 2015 an
583 1959 675 2018 Mars·
690 1958 872 2035 supplicium
891 1956 999 2015 ,rabido

338 2043 477 2103 Poscens
499 2043 599 2101 calen-

339 2135 384 2186 -te
408 2128 736 2206 sanguine,noetivagis
759 2127 888 2186 vindicis

338 2213 501 2272 Furoribus
523 2214 596 2272 irae.

650 2297 844 2372 Antistropha
866 2296 927 2354 XI.

338 2379 413 2440 Non
432 2389 461 2440 te
484 2382 560 2440 adeo
581 2401 678 2458 usque
702 2381 826 2441 sinister
844 2380 906 2459 agit
924 2381 1016 2451 furor,

339 2466 368 2527 Ο
391 2465 619 2541 Telamoniade,

339 2551 377 2608 In
397 2569 506 2630 greges
527 2561 560 2610 ut
582 2560 614 2609 tu
635 2553 743 2611 irruas.

341 2635 426 2693 Haeo
447 2636 585 2695 caelitum
607 2638 654 2696 vis
678 2644 725 2696 eat
742 2655 838 2714 mage.
861 2635 999 2710 Iuppiter
1013 2653 1098 2692 aver-

340 2727 478 2778 -runoate
497 2721 592 2800 volgi,
616 2730 646 2779 et
666 2722 800 2794 Phoebe,
823 2738 957 2779 rumores
978 2719 1086 2778 malos.
1106 2766 1107 2771 1

340 2803 396 2865 Sin
415 2823 470 2864 sua
492 2807 660 2883 composito
1137 2799 1142 2810 '

331 2886 517 2949 'Commenta
535 2892 653 2970 fingunt
673 2899 736 2948 arte
759 2891 839 2948 mala
860 2908 1015 2966 proceres,
1112 2899 1115 2904 '

337 2977 400 3035 Aut
419 2993 488 3032 aere
508 2977 587 3034 cauti
611 2975 792 3054 Sisyphidae
814 2993 928 3054 genuae

338 3057 399 3133 Ne,
421 3060 448 3118 si
472 3062 567 3138 sapis,
951 3111 956 3120 ,

336 3145 385 3203 Ad
408 3145 494 3218 haee,
515 3166 603 3224 rogo,
626 3153 725 3205 castra
747 3164 872 3205 manens
894 3145 1008 3218 deside,

335 3229 452 3289 Probro
475 3230 590 3289 tibine
614 3231 663 3290 sit.

681 3317 807 3393 Epodua
829 3316 902 3375 VII.

336 3397 455 3472 Linque
477 3398 599 3458 sedilia:
621 3418 726 3478 surge:
750 3401 801 3459 ubi
823 3401 893 3476 plus
917 3407 967 3461 sat
986 3401 1079 3478 longo

337 3481 436 3540 Lente
453 3483 603 3542 exereitus
622 3483 794 3543 immoreris
818 3487 893 3558 otio,

337 3563 415 3622 Dira
431 3565 571 3624 incendia
592 3569 753 3627 ventilans.

338 3647 465 3723 Impune
486 3658 625 3726 proterva
646 3652 693 3710 vis
715 3652 836 3730 linguae
