3059 4492
661 511 808 605 35-

274 679 395 739 Rerisit
418 699 521 756 opere,
546 680 740 754 muribusqne
761 682 962 754 commendat,

274 767 317 826 Ut
340 766 513 842 cognitores
535 766 597 823 sint
619 784 705 823 suam
725 765 820 823 vicem
842 765 971 825 illarum.

274 852 372 910 Istum
394 850 517 908 modum
537 851 737 922 Moneantur,
763 851 819 908 lios
842 851 932 909 habet
951 853 1030 911 vitae

273 936 461 994 Moncaudus
482 942 579 1007 astus,
604 936 665 993 isto
684 935 746 992 vita
767 936 940 993 Moncaudi.

274 1019 362 1080 Gens
382 1020 553 1077 navitarum
575 1039 655 1078 vana
680 1021 904 1093 Lusitanorum,

275 1105 358 1181 Quid
381 1124 437 1163 vos
460 1105 603 1179 parandis
626 1105 736 1182 opibus
755 1105 867 1163 inmori
887 1105 986 1183 cogit?

164 1234 165 1241 1
274 1190 467 1248 Moncaudus
491 1191 598 1248 horum
621 1191 666 1247 nil
688 1191 817 1266 paravit,
840 1198 870 1247 et
889 1191 970 1250 vivit.

364 1285 493 1349 Scriptum
510 1285 590 1334 Anno
609 1283 675 1336 1569
696 1285 868 1334 Montalbani.

581 1423 629 1482 16.
673 1426 712 1481 In
733 1427 886 1498 quendam.

274 1509 344 1579 Ille,
365 1527 444 1566 novo
467 1508 519 1585 qui
538 1517 567 1565 te
593 1508 724 1585 signavit
744 1509 868 1566 nominc
886 1508 1014 1583 primus,

316 1592 407 1651 Unde
428 1592 632 1671 Pyraethonis
662 1593 713 1650 dat
736 1593 791 1650 tibi
815 1612 926 1652 nomen
948 1593 1039 1668 equi?
1217 1665 1220 1672 Ι

277 1676 351 1738 Sive
375 1695 471 1753 equus
491 1679 524 1735 in
549 1697 642 1736 sensu
667 1686 830 1753 spectetun
855 1677 918 1737 sive
938 1677 1125 1754 Pyracmon,

320 1761 516 1821 Conveniens
537 1783 601 1822 non
621 1763 751 1834 catillo,
772 1763 819 1820 vel
844 1763 906 1835 ille,
929 1762 994 1822 tibi.

277 1849 378 1922 Quum
398 1855 482 1918 totus
504 1849 548 1907 sis
570 1867 650 1920 nox‚·
667 1848 790 1922 quinam
813 1856 897 1923 potes
913 1867 983 1906 esse
996 1848 1191 1925 Pyraethon?

320 1932 480 2007 Quumque
501 1933 617 2005 asinus,
641 1933 708 2008 quis
731 1941 763 1990 te
784 1933 849 1990 iure
871 1933 987 1991 vocarit
1008 1934 1137 2008 equum?

283 2087 331 2142 17.
376 2085 427 2141 Ad
449 2087 562 2142 minum
587 2084 659 2144 Ocni
680 2088 808 2160 qraoiter
827 2087 975 2142 rudentem
999 2087 1032 2140 in
1051 2085 1125 2142 Rob.
1142 2087 1190 2143 Ti·

277 2174 347 2227 tium
357 2170 494 2244 leyentem
507 2190 586 2240 orno,
600 2190 656 2245 pro
671 2189 750 2240 cono,
769 2173 799 2226 in
812 2189 896 2227 versu
914 2170 1069 2244 Propertii,
1083 2171 1127 2246 [5‚
1137 2171 1190 2246 21]

372 2255 500 2331 Diqnior
521 2257 635 2329 obliquo
651 2258 754 2330 funem
777 2257 827 2330 qui
852 2264 984 2330 torqueat
1007 2253 1094 2312 Ocno.
1200 2287 1202 2294 ·

278 2338 312 2399 Si
332 2338 433 2397 Titius
454 2339 545 2412 tollit,
565 2340 616 2413 qui
640 2347 670 2396 te
693 2341 770 2397 bene
791 2347 926 2414 paverat,
951 2338 1086 2411 Ocnum3

321 2425 404 2501 Ergo
424 2433 508 2481 tuam
530 2423 629 2482 Titius
652 2432 758 2499 pascat
780 2423 875 2482 aselle
894 2424 1016 2481 famem.

306 2586 352 2642 18.
400 2587 439 2642 In
460 2585 628 2654 Ruricium,
664 2587 714 2660 qui
741 2603 807 2642 suos
835 2604 934 2644 nosos
954 2604 1012 2662 pro
1044 2589 1171 2662 antiquis

307 2680 507 2746 supposuerat.
533 2669 755 2746 [Muretoppl
770 2671 840 2728 775.
865 2669 1086 2728 ScoladVorr.
1099 2672 1170 2747 1,2]¹

280 2755 340 2830 Qui
361 2754 476 2831 rigidae
497 2756 635 2813 flammas
660 2764 798 2812 evaserat
820 2764 889 2813 ante
911 2753 1079 2828 Tholosae‚

320 2840 482 2912 Rumetus‚
503 2841 605 2899 fumos
627 2839 762 2897 vendidit
784 2839 835 2896 illc
855 2840 937 2898 mihi.

630 2991 677 3051 19.
719 2991 747 3047 Α
839 3035 846 3048 .

279 3080 427 3135 Arearum
445 3077 476 3133 in
497 3077 591 3134 fundo
615 3011 963 3150 quaeeunilylllecondit
981 3079 1111 3149 Avarus,

321 3161 457 3219 Abstulit
478 3162 554 3218 haec
575 3161 655 3232 aliis,
679 3161 808 3238 denegat
830 3161 897 3238 ipse
920 3161 987 3220 sibi.

522 3322 572 3380 20.
615 3325 793 3398 Improbitas
816 3324 949 3381 humano.

280 3406 409 3466 Caetera
431 3426 487 3464 nec
508 3427 612 3465 verum
633 3427 688 3465 nec
708 3408 756 3466 fas
777 3407 943 3465 animantia
964 3414 1091 3465 norunt:

321 3491 434 3550 Verum
456 3500 485 3550 et
507 3493 555 3550 fas
578 3512 655 3551 unus
680 3493 766 3550 novit
789 3502 819 3549 et
841 3493 905 3551 odit
926 3493 1028 3550 homo.

541 3654 591 3712 21.
635 3654 768 3730 chener
785 3655 928 3712 nobilitor.

280 3738 435 3798 Nobilitas
456 3748 504 3798 est
523 3748 609 3798 veste
630 3738 752 3815 quidem
772 3738 828 3796 tibi
847 3738 983 3797 discolor
1004 3757 1022 3796 o
1043 3736 1143 3813 plebs,
