3059 4492
771 486 833 548 138

336 642 482 712 (Ἀπαντα
506 654 570 717 τοῖς
591 652 728 756 καλοῖσιν
749 651 879 734 ἀνδράσι
901 649 1022 734 πρίπει.

335 727 522 796 ΐἈποισαν
495 756 666 840 ημφιεσμε
657 733 719 802 ’νος
740 735 794 817 τὴν
815 736 935 800 οὐσίαν.

339 816 462 880 ”Ἀπιστ
486 816 622 924 ἀληθῆ
613 819 715 882 πολλὰ
738 820 899 903 συμβαίνει
920 820 1049 904 βροτοῖς

340 901 563 964 Ἀπύλωλεν
549 925 583 970 ος
604 926 666 1012 μρι,
686 904 738 966 κοιλ
759 905 919 981 τάλαντον,
940 905 992 967 καὶ
1010 905 1118 987 γάμος

341 983 583 1055 Ἀπονθάκωτος
606 988 642 1051 ού
665 992 869 1072 τραπεζοῦται
891 951 986 1058 κύλιξ.

350 1071 526 1139 Απώλεσας
546 1072 597 1134 τὸν
620 1071 700 1135 οἶνον
722 1072 849 1157 ἐπιχέας
871 1073 965 1155 ύδωρ

340 1153 556 1304 Ἀραχνίωνδ
544 1156 655 1240 μεστὴν
679 1155 762 1242 ἔχεις
781 1159 836 1239 τὴν
858 1156 1002 1241 γαστέρα.

349 1241 453 1323 Αρετη
480 1241 609 1324 βραδεῖα
633 1241 798 1396 σύντομοςζ
803 1243 946 1326 πονηρία

314 1262 435 1431 ,Ἄρκτ
437 1347 473 1387 οο
496 1347 539 1387 πα
542 1323 691 1431 ρούσης”
678 1348 759 1410 ιχνια
782 1329 881 1409 ζητεῖν
902 1328 1012 1393 δοκεῖς

338 1408 473 1514 Ἄρτους
496 1407 564 1477 AN
551 1431 636 1474 ιπνον
660 1412 841 1514 ψυχρὸνμ
802 1410 817 1472 A
820 1411 966 1516 μβάλλειν
990 1411 1102 1478 δοκεῖς

340 1491 551 1597 Αρχαιύτερα
574 1498 627 1576 τῆς
649 1493 799 1577 διφθέρας
819 1495 893 1562 Διὸς
914 1495 1020 1576 λέγεις

336 1577 510 1687 ”Αρχων”
490 1601 585 1642 ακοοε
608 1579 659 1642 καὶ
681 1579 807 1647 δικαίως
827 1579 968 1662 κᾴδίκως.

337 1662 489 1744 ’Άτηκτος
510 1661 674 1770 ἄνθρωπος
691 1665 957 1748 προσηγορήμασι.

337 1745 575 1830 Ατοχοῦσαν’
559 1769 614 1852 αρε
616 1747 669 1850 την
692 1753 849 1854 περιρρᾶν,
870 1751 1102 1832 σχετλιώτατον.

341 1830 537 1914 Αύθαίρετος
559 1830 669 1915 λύπη
674 1833 733 1894 στὶν
757 1834 778 1914 A
802 1832 915 1896 τέκνων
923 1835 1048 1941 σπρρά.

341 1916 428 1998 Αύτη
451 1938 488 1997 γε
508 1921 650 2024 χρηστῶν
676 1917 754 1979 ἐστιν
779 1917 932 2001 ανδοων
918 1942 938 2001 η
962 1917 1062 1986 νόσος.

340 2000 428 2083 Αύτη
454 2000 551 2083 μὲνη
537 2001 725 2108 ’μήρινθος
748 1980 881 2064 ούὸεν”
864 2025 991 2066 εσπασε.

340 2084 440 2149 Αύτοι
458 2087 600 2170 χελώνας
623 2083 750 2150 ἔσθεσθ
777 2086 863 2170 οίπερ
887 2086 996 2150 εἵλετε.

339 2169 442 2234 Αὐτὸν
465 2168 633 2278 κέκροοκας
652 2173 702 2235 τὸν
730 2173 898 2273 βατῆρα
865 2193 918 2254 της
937 2171 1043 2276 θύρας.

340 2254 502 2335 Αύτθςγα
471 2253 561 2356 γαλερ
565 2254 635 2340 ὕεςρ
621 2261 711 2322 ςτού
733 2261 830 2318 κακοῦ
850 2258 903 2339 τὴν
925 2256 1042 2320 πιτοάν.

339 2339 442 2406 Αὑτὸς
463 2339 600 2422 κάμινος,
623 2337 714 2407 αὑτὸς
733 2339 999 2425 ειλκοσεροχύς.

338 2421 443 2490 Αὐτὸς
466 2424 617 2492 πενωθεὶς
640 2430 703 2492 τοῖς
697 2423 834 2534 ἔχουσι
858 2427 899 2508 AA
924 2425 1043 2532 ρθύνει.

338 2507 444 2575 Αύτύς
460 2531 487 2570 τι
507 2513 558 2571 νῦν
581 2509 711 2616 βρών
682 2531 748 2572 ειτοι
772 2509 843 2578 τοὺς
866 2509 960 2578 θεοὺς
981 2511 1080 2574 κάλει.

337 2591 593 2700 Αιρροδισιος
559 2616 617 2695 γριρ
642 2593 786 2677 ύρκος’
754 2617 812 2656 οοκ
831 2595 1019 2699 ἐμπρίνιμος.

339 2673 455 2747 Βάὸιζε
440 2675 586 2782 εβῆμ’
572 2681 682 2758 ηραῖον
707 2653 969 2762 ἐμπεπλεγμένον.

244 2817 247 2824 .
338 2756 440 2822 Βάλλ’
465 2758 545 2826 εἰς’
527 2783 640 2844 εχοντα
658 2762 712 2844 τὴν
737 2761 906 2867 ἐπιστήμην
931 2764 1034 2848 βολῆς.

338 2840 477 2950 Βέβληκ’
502 2842 669 2948 Ἀχιλλτθς
689 2845 744 2908 δύο
768 2847 854 2953 κύβω
878 2849 929 2912 καλ
949 2849 1088 2932 τέτταρα

338 2924 414 2996 Βίος
436 2927 542 3013 βιοοδ
546 2927 689 3035 εύμενος
697 2929 755 2994 οὐκ
776 2929 841 2995 ἔστι
861 2933 936 3037 βίος.

337 3010 465 3096 Βλάβης
487 3014 634 3096 μαγείρου
658 3018 752 3093 τῖσον,
777 3017 923 3100 αὐλητὴς,
944 3017 1040 3122 δικην.

338 3096 399 3159 Γ
365 3121 380 3159 ε
382 3097 475 3180 λάθ’
477 3098 649 3202 ύμωρὸς,
670 3097 726 3182 κάν
749 3124 778 3169 τι
799 3102 840 3184 μὴ
863 3098 1038 3207 γελοῖονῇ.

337 3158 491 3250 Γέλώς”
470 3203 597 3266 ακαιρος
620 3184 717 3246 δεινὸν
740 3185 772 3247 ἐν
757 3187 917 3290 νβροτρίς
937 3184 1041 3250 κακόν.

336 3263 530 3370 Γεράνδρυον
554 3269 685 3332 παλαιὸν
710 3269 745 3332 ού
770 3270 966 3376 μοσχεύεται.

336 3348 472 3432 Γεροντα
495 3351 526 3413 A
553 3351 665 3457 ὀρθοῦν
690 3353 878 3438 φλαύρον,“
863 3375 897 3423 ος
917 3353 986 3421 νέος
1007 3353 1100 3439 πίση.

336 3432 472 3516 Γέροντα
494 3437 589 3519 μηδὲν
606 3437 653 3542 μή
678 3460 752 3501 ποτε
774 3440 908 3547 χρηστὸν
930 3439 1022 3502 ποίει.

335 3516 472 3622 Γέροντα
493 3521 544 3582 τὸν
567 3527 650 3598 νοῦν,
674 3545 774 3606 σαρκα
794 3522 821 3584 A
846 3523 974 3606 ἡβῶσαν
998 3521 1097 3606 φέρει.

335 3600 441 3684 Γέρων
466 3602 593 3747 ἀλώπηξ
615 3606 683 3707 ούχ
698 3607 857 3668 ἁλίσκεται
875 3607 970 3686 πάγη.

336 3683 505 3771 Γέρωνὲ
466 3708 521 3768 μν
543 3686 695 3763 ἐνπαῖσ’,
718 3688 750 3750 ἐν
773 3689 808 3750 δὲ
831 3692 894 3754 τοῖς
913 3686 1039 3769 γέρουσι
1057 3695 1140 3762 παῖς.
