3059 4492
736 487 888 580 „²⁶3-

350 653 438 733 *Nam
456 653 547 731 Periit
567 651 641 715 mihi
663 653 831 732 virginitas.
859 654 947 713 Haec
964 654 1045 713 falsa
1065 653 1168 713 locuta
1190 665 1255 733 est,

400 738 524 800 Delium
542 739 621 816 apud
642 759 748 800 manes
771 759 881 816 nempe
904 740 1007 798 videre
1029 739 1147 800 volens.

357 906 428 982 γ20
457 949 458 954 1
624 898 689 967 Οὐκ
713 901 778 966 οἶδ’
801 904 829 966 εἰ
851 902 1012 966 Διόνυσον.
1362 914 1363 961 l

356 992 437 1069 Ergo
445 999 544 1050 utrum
558 1010 707 1066 accusem,
720 991 922 1065 Bacchumne,
935 992 1078 1068 incertus,
1089 1013 1130 1053 an
1140 995 1274 1056 imbrem
1362 1012 1363 1069 j

399 1075 525 1140 Nescio.
546 1077 705 1154 lapsantes
727 1076 808 1134 fallit
824 1084 951 1152 uterque
973 1079 1080 1153 pedes
1362 1072 1363 1159 l

356 1161 447 1234 Ecce,
468 1161 548 1221 redis
570 1169 661 1240 potus
685 1163 756 1220 dum
777 1181 857 1259 rure,
879 1161 1053 1260 Polyxene,
1072 1163 1163 1224 funus

401 1245 552 1320 Condere,
574 1247 683 1306 laboso
706 1247 841 1330 praecipi
842 1247 934 1304 tate
925 1266 1004 1323 rugo.

356 1331 487 1391 Aeolide
508 1340 538 1389 et
557 1329 687 1408 Smyrna
708 1331 785 1390 situs
808 1350 841 1389 es
862 1331 978 1409 procul
998 1332 1111 1391 Ebrius
1131 1352 1202 1412 ergo

400 1415 547 1493 Quisquis
571 1418 637 1489 erit,
659 1417 794 1492 pluvium
814 1424 905 1475 nocte
923 1423 1045 1476 veretor
1062 1418 1130 1478 iter.

356 1583 425 1660 120
650 1578 712 1663 Τὴν
736 1580 838 1662 τίτθην
859 1577 976 1664 Ιέ.ρων

355 1667 416 1727 Hic
437 1665 551 1726 Hieron
573 1669 696 1726 amitam
718 1667 866 1743 sinnida,
888 1672 1000 1745 poculo
1018 1672 1094 1729 dura

397 1753 528 1812 Vincere
550 1771 640 1828 quam
661 1755 747 1812 duro·
757 1774 816 1810 non
837 1764 963 1830 potuere
983 1774 1076 1828 mero,

354 1839 438 1898 Rure
461 1856 515 1896 suo
539 1839 661 1916 sepeliit
683 1839 832 1898 functam.
861 1847 894 1897 ut
914 1840 962 1898 vel
984 1848 1114 1921 mortua,
1134 1839 1248 1898 Bacchi

396 1921 487 1981 Nunc
508 1925 636 2001 propius
660 1933 765 2002 gratos
789 1932 848 1982 stet
867 1926 1015 1985 tumulata
1034 1916 1129 1985 lacus

353 2091 449 2169 722
614 2085 721 2172 Ηπείρ
706 2111 750 2172 ρῳ
775 2114 796 2171 μ
800 2090 1003 2154 ’ἀποδπῦσοπ

352 2176 523 2252 Exceptum
543 2183 633 2248 terra,
659 2178 745 2236 saevi
764 2179 856 2238 maris
876 2179 1015 2255 improbe
1038 2180 1159 2254 fluctus,

396 2262 497 2320 lactas
520 2280 568 2319 me
588 2260 692 2318 ludum
714 2263 954 2340 quisquiliasque
972 2273 1052 2324 tuas.

353 2345 594 2424 Naufragiumne
614 2347 668 2404 uni
688 2348 762 2404 mihi
783 2367 872 2408 casso
892 2350 959 2407 luce
977 2350 1110 2409 minatur

397 2431 502 2504 Terra,
525 2449 581 2488 nec
605 2451 624 2489 a
647 2432 764 2507 scopuli
786 2453 869 2493 mors
888 2431 957 2492 'mea
976 2443 1041 2492 tuta
1060 2442 1143 2492 metu
1165 2436 1233 2494 est?

353 2515 434 2590 Quin
457 2536 495 2592 po
495 2516 555 2573 tius
576 2535 625 2574 me
646 2517 753 2576 condis
779 2520 879 2595 aquis,
889 2519 951 2577 vel
970 2520 1071 2579 reddis
1093 2539 1214 2593 arenae,

394 2599 462 2659 Nec
484 2599 677 2659 defraudatur
696 2602 803 2661 funere
824 2613 906 2662 terra
924 2605 1001 2663 suo?

353 2769 421 2845 γ23
635 2765 732 2829 Alci
751 2770 882 2854 νοῦσεβ
866 2770 985 2854 βαρεῖα.

353 2853 401 2913 Ah
423 2853 462 2911 ah
480 2853 546 2911 dira
566 2853 643 2927 lues,
667 2874 737 2915 nam
761 2876 840 2933 quae
864 2857 1046 2918 iuvenilibus
1067 2857 1196 2918 annis

394 2938 523 3012 Invidia,
546 2940 655 2998 aetatis
678 2949 804 3017 perpete
825 2944 902 3002 flore
923 2943 998 3000 fruit

350 3022 433 3082 Nam
452 3022 535 3100 prius
555 3025 669 3084 orbasti
690 3025 884 3086 Timarchum
904 3027 1018 3086 lumine
1038 3027 1130 3100 vitae,

395 3109 495 3186 Quam
515 3118 627 3186 nuptae
648 3112 750 3188 potuit
768 3132 821 3170 ora
838 3113 941 3170 videre
964 3131 1048 3171 suae.

350 3279 419 3359 7³2
626 3274 706 3339 Γαῖα
728 3279 783 3360 μὲν
807 3278 838 3340 ἐν
859 3277 994 3345 κόλποις.

352 3365 448 3444 Terra
466 3365 535 3423 sinu
555 3365 657 3442 magni
680 3367 890 3443 complectitur
910 3384 985 3425 ossa
1003 3363 1159 3436 Platonis,

392 3452 450 3509 Ast
471 3449 572 3512 anima
594 3450 749 3510 ordinibus
773 3460 879 3511 sancta
897 3457 1021 3527 recepta
1039 3448 1142 3508 Deum
1165 3456 1222 3508 est.

351 3531 445 3592 Cuius
464 3535 568 3594 Aristo
592 3543 688 3611 pater,
707 3536 817 3595 fruitur
836 3537 887 3613 qui
907 3535 975 3594 luce
993 3536 1146 3594 Deorum:

392 3615 489 3690 Quem
508 3620 607 3678 bonus
629 3620 782 3701 admirans
806 3622 854 3681 vel
876 3621 978 3699 procul
1001 3620 1101 3683 omnis
1121 3625 1212 3677 amat.
