3059 4492
770 467 830 528 292

345 635 451 710 Qualis
470 637 563 694 tubae
587 635 715 695 sentitur
734 635 849 696 aeneae
870 656 975 696 sonor.

343 721 501 797 necesque
524 721 620 780 sensti
636 740 685 780 me
707 723 782 780 mihi
803 723 1055 782 infensissumum

344 807 469 880 Aiacem
484 807 584 868 odora
605 806 728 865 circuire
748 807 902 884 indagine.

293 897 329 951 lo
345 892 394 950 Ita
416 898 471 950 est.
493 911 561 949 eum
582 909 736 965 venamur,
759 892 841 950 haud
863 891 966 964 alium,
990 890 1067 951 Dea.

343 975 426 1036 Nam
446 976 563 1036 facinus
585 976 645 1035 ista
665 984 754 1035 nocte
778 996 912 1050 caecum,
934 977 1081 1048 nescium,

343 1064 526 1138 Ancepsque
549 1061 703 1134 fericius,
728 1062 754 1120 si
775 1062 849 1120 fecit
870 1069 983 1119 tamen.
1085 1121 1087 1124 ,

344 1145 398 1206 Nil
420 1147 532 1205 scimus
554 1147 665 1204 etenim
688 1147 799 1205 mentis
826 1165 925 1204 errore
948 1146 1018 1204 avii.

345 1229 446 1304 Quare
467 1231 523 1290 hoc
545 1231 644 1290 subivi
665 1238 776 1308 sponte
799 1231 958 1307 perferens
982 1247 1071 1289 onus.

294 1315 328 1369 25
345 1314 426 1374 Nam
446 1333 543 1393 pecua
565 1334 663 1392 nuper
683 1323 772 1392 perta
789 1315 899 1375 bellica
918 1335 1020 1387 manu,

345 1400 496 1478 iugulata,
519 1407 624 1473 strata,
646 1401 782 1459 sauciata
799 1401 930 1460 foediter

344 1486 449 1557 Manu,
466 1485 621 1562 magistris
644 1503 711 1542 cum
732 1485 796 1544 suis
819 1485 1010 1544 offendimus.

345 1570 488 1644 Factique
508 1587 576 1626 eum
600 1570 698 1628 omnis
719 1570 808 1628 huius
831 1578 981 1628 auctorem
999 1569 1082 1626 facit.

346 1653 417 1714 Huc
436 1654 523 1725 adde,
543 1654 621 1728 quod
641 1655 813 1731 speculator
834 1657 913 1712 hunc
934 1654 1034 1713 solum
1056 1657 1203 1730 omnium,

296 1736 331 1791 3⁰
349 1737 478 1815 Campos
502 1743 624 1796 cruento
645 1739 715 1797 dum
739 1759 812 1799 ense
832 1737 980 1816 persultat
999 1739 1116 1815 furens,

346 1823 499 1898 Viditque,
522 1823 699 1898 retulitque:
716 1825 783 1902 Ego
805 1832 937 1882 actutum
958 1825 1071 1901 impete

345 1909 484 1986 vestigo,
503 1908 608 1967 odoro.
630 1909 809 1986 haecsigna
827 1929 887 1967 non
908 1910 998 1967 dubie
1019 1918 1103 1970 noto:

345 1996 405 2054 Ast
424 1994 478 2051 illa
498 1993 602 2067 miror,
627 1995 695 2052 cuia
716 1995 777 2053 sint
794 2014 857 2053 non
876 2012 1032 2069 assequor.

352 2077 415 2139 Sed
436 2079 551 2138 affuisti
571 2079 714 2156 tempori,
736 2080 763 2138 si
782 2079 902 2154 quidem
924 2088 976 2136 tua

295 2167 330 2222 35
345 2165 396 2223 Me
418 2183 509 2237 nunc,
530 2171 559 2221 et
582 2164 655 2223 olim
678 2165 771 2238 rexit,
794 2173 831 2222 et¹
844 2171 930 2240 reget
949 2181 1067 2221 manus.

345 2249 399 2307 Mi.
441 2248 598 2321 Persensi‚
620 2248 744 2326 Ulysse.
766 2249 897 2323 iamque,
920 2248 990 2306 dum
1010 2247 1176 2320 venatuum,

345 2334 433 2392 Viam
452 2334 507 2392 tibi
526 2333 616 2392 istam
641 2341 746 2409 sponte
761 2341 872 2404 ‚custos
892 2333 998 2390 institi.
1053 2377 1055 2383 ,

345 2418 396 2479 Ul.
444 2419 529 2477 Bene
552 2419 611 2491 hic,
636 2436 763 2477 secusne
786 2425 913 2494 coeptus
936 2424 984 2476 est
1002 2416 1075 2473 mihi
1094 2415 1204 2475 labos?

345 2504 399 2561 Mi.
441 2503 571 2577 Liquido
594 2503 723 2580 putasti:
744 2502 895 2575 sentilla,
918 2521 967 2560 me
985 2502 1063 2561 vide.

295 2586 330 2641 40
346 2587 397 2647 Ul.
445 2587 526 2646 Nam
549 2607 601 2646 cur
625 2596 654 2645 et
676 2607 769 2647 ausus
790 2589 844 2646 ille
866 2595 928 2645 tam
951 2605 1073 2644 caecum
1091 2587 1205 2646 nefas?

344 2672 398 2730 Mi.
442 2672 570 2731 Achillis
592 2689 685 2744 arma,
709 2673 828 2731 addicta
847 2692 909 2731 non
931 2672 990 2731 sibi
1011 2671 1102 2730 dolet.

345 2755 396 2816 Ul.
446 2755 507 2815 Cur
527 2757 571 2815 sic
594 2757 713 2816 furente
733 2760 828 2816 fertur
846 2758 878 2814 in
894 2775 1001 2834 greges
1023 2756 1140 2834 gradrst

343 2841 398 2900 Mi.
439 2842 551 2901 Vestro
570 2861 677 2900 manus
698 2843 820 2900 foedare
838 2860 967 2919 sperans
991 2842 1149 2919 sanguine.

345 2925 397 2986 Ul.
443 2926 642 3004 incogitabat
663 2927 774 3002 inquis,
793 2928 915 3004 Argivis
937 2927 1070 2984 malum?

179 3052 185 3067 .
295 3013 329 3068 45
346 3012 400 3071 Mi.
444 3011 521 3085 Quin
546 3013 660 3087 absque
679 3013 865 3083 metuisset,
887 3023 917 3069 et
940 3018 1121 3087 patraverat.

344 3097 396 3157 Ul.
445 3097 603 3172 Quibusne
625 3097 752 3174 coeptis,
774 3116 873 3172 quove
894 3097 1003 3155 mentis
1024 3096 1161 3173 impetui

344 3183 398 3242 Mi.
441 3182 553 3258 Irrupit
571 3183 610 3239 ad
628 3201 683 3240 vos
706 3190 796 3240 nocte
818 3182 915 3254 solus,
937 3191 967 3239 et
988 3181 1065 3239 dolo.

337 3267 395 3326 Ul.
443 3267 588 3326 Pervenit
606 3267 707 3344 igitur,
730 3274 819 3341 atque
841 3274 938 3325 metas
963 3266 1082 3343 attigit?

343 3353 397 3410 Mi.
439 3352 596 3411 institerat
616 3352 689 3410 adeo
709 3351 827 3425 utrique
844 3353 905 3409 iam
926 3352 1087 3429 praetorio.

293 3439 329 3494 50
345 3435 396 3496 Ul.
444 3435 520 3510 Quis
537 3437 646 3514 rapida
668 3443 808 3495 ovantem
829 3437 922 3494 caede
942 3436 1091 3514 repressit
1110 3433 1258 3494 manum?

345 3521 398 3579 Mi.
442 3522 553 3580 Aliena
574 3521 670 3599 captis
691 3539 785 3580 sensa
805 3521 912 3580 ocellis
934 3540 1084 3599 oggerens

345 3603 491 3664 Hominis
514 3607 640 3666 retundo
662 3605 804 3682 gaudium
821 3606 1052 3664 immedicabile.

345 3688 386 3752 Et
407 3688 446 3748 ad
467 3707 591 3767 gregum
611 3690 748 3750 miscella
766 3689 935 3768 lanigerum
956 3691 1087 3769 agmina,
