3059 4492
770 429 832 488 280

463 531 467 540 ι

345 599 441 676 ((70)
631 593 752 656 Δισσῶν
776 592 966 676 θηλυτέρων.

342 683 531 744 Fortedues
556 682 636 740 inter
656 682 753 755 solus,
775 682 953 756 mediusque
978 681 1137 742 sedebam:

386 769 476 826 Illam
499 767 653 840 ardebam,
676 768 754 826 hanc
774 788 837 826 non
858 766 981 824 laedere
1003 774 1103 827 certus
1126 787 1219 830 erem.

343 855 452 929 Meque
474 853 611 912 trahebat
633 871 754 910 amans:
778 872 834 930 ego
859 851 1045 909 furabundus
1066 861 1098 911 st
1118 853 1175 912 isti

386 937 460 996 Non
480 937 554 996 totis
574 938 667 996 labris
690 937 797 997 oscula
817 936 1056 1014 parcadabam:

345 1023 480 1086 Alterius
502 1021 613 1082 fallens
637 1023 777 1081 ardorem
800 1022 927 1095 scilicet,
951 1021 1016 1080 eius

386 1107 517 1168 Discidii
538 1113 664 1168 caussas
688 1108 808 1166 aemula
828 1107 921 1166 verba
942 1107 1064 1165 timens.

344 1193 492 1271 Ingemui,
516 1192 644 1270 dixique
661 1193 762 1266 simul,
785 1191 940 1251 Fortassis
963 1191 1060 1248 amari

388 1279 527 1352 Undique
548 1278 730 1355 supplicium
753 1298 821 1355 par,
843 1285 873 1334 et
890 1295 1004 1349 amare,
1024 1275 1097 1333 mihi
1115 1283 1172 1337 est.

347 1446 446 1522 (Ui)
632 1440 674 1505 ‘H
696 1444 794 1525 πάρος
808 1442 972 1529 ,ἀγλαΐῃσι

345 1532 407 1590 Illa
427 1531 510 1606 prius
529 1531 612 1589 fastu
630 1540 767 1608 turgens,
788 1531 901 1588 iactare
920 1529 1050 1607 capillos

391 1613 484 1676 Sueta
504 1616 600 1699 prius,
625 1616 712 1690 pexis
733 1613 788 1673 illa
809 1617 942 1693 superba
963 1615 1071 1686 comis,

346 1699 440 1761 Suete
461 1702 537 1759 meis
559 1700 881 1774 desideriisilludere,
903 1701 1034 1759 formam

387 1785 540 1844 Perdidit:
564 1785 634 1843 huic
655 1785 768 1862 digitos
791 1807 866 1864 ruga
888 1785 994 1844 senilis
1017 1792 1092 1842 aret.

298 1871 304 1886 “
345 1869 449 1930 Ubera
469 1871 639 1944 subsidunt,
665 1870 772 1928 cecidit
790 1873 888 1943 frons,
915 1871 1031 1929 lumina
1049 1878 1196 1944 marcent,

387 1947 516 2016 Annosc
537 1956 668 2014 titubant
689 1958 782 2016 belbe
801 1957 914 2016 labella
937 1975 1026 2015 sone.

346 2040 500 2101 Oeniciem
519 2042 632 2102 vindex
651 2061 728 2100 voco
752 2061 864 2100 numen
885 2041 1019 2101 Amoris.
1043 2049 1072 2098 et
1092 2044 1223 2118 aequum

387 2127 515 2199 Iudicat,
537 2136 566 2186 et
588 2127 711 2186 tumidis
737 2134 860 2186 strenua
883 2146 986 2204 poene
1004 2127 1096 2185 venit.

347 2293 443 2369 (62)
628 2291 713 2374 Αὐτή
741 2315 794 2374 μοι
815 2290 982 2373 Κυθέρεια.

345 2378 386 2436 Et
406 2375 557 2454 Cytherea
575 2389 698 2457 potens,
725 2389 755 2438 et
776 2386 923 2440 Amorum
945 2379 1073 2450 candida
1092 2382 1183 2439 turba

250 2477 251 2482 ’
389 2464 426 2520 In
446 2465 547 2523 tabem
571 2467 692 2525 solvent
714 2465 776 2524 iem
798 2486 851 2526 cor
872 2468 964 2524 inane
981 2466 1065 2523 mihi.

345 2546 416 2606 Non
435 2550 544 2625 patiar,
568 2541 679 2626 pucros
699 2571 832 2628 propero
854 2553 881 2610 si
904 2552 1013 2611 stultus
1035 2569 1151 2610 emere:

387 2633 472 2692 Lube
495 2635 597 2707 etiam,
619 2654 679 2709 qua
699 2656 762 2695 non
784 2637 903 2713 turpior
927 2637 1001 2708 ulle,
1025 2636 1141 2693 cadam.

345 2716 415 2777 Una
438 2717 478 2776 sit
501 2718 533 2775 in
557 2720 674 2796 culpam
697 2722 806 2779 mulier
827 2723 918 2780 setis:
941 2723 998 2779 bac
1017 2741 1079 2798 ege
1097 2739 1234 2797 peccem,

388 2803 548 2862 Pittalece.
569 2807 610 2864 At
631 2824 757 2881 pueros,
782 2807 885 2879 stulte,
905 2807 1045 2883 relinquo
1068 2806 1134 2865 tibi.

348 2972 445 3048 ζ(73)
589 2967 634 3032 Ἦ
654 2970 692 3054 ῥά
712 2994 746 3052 γε
767 2973 818 3034 καὶ
842 2971 879 3035 σὺ
903 2971 1042 3034 Φιλιννα.

345 3060 395 3118 An
416 3058 567 3117 desiderio
588 3077 657 3118 mea
679 3062 814 3138 tangeris
836 3079 909 3138 ergo
929 3060 1095 3119 Philinus?

387 3145 531 3221 Langues
556 3145 711 3214 exhaustis
731 3146 835 3210 tabida
855 3144 1044 3204 luminibus?

346 3231 396 3288 An
418 3229 555 3303 placidos
575 3230 673 3306 carpis
695 3250 831 3305 somnos,
852 3239 882 3288 et
902 3231 1003 3292 nullus
1022 3230 1146 3290 Amoris

388 3313 580 3390 Respectus:
603 3333 692 3374 curae
714 3335 785 3374 cure
810 3336 866 3374 nec
883 3316 945 3374 ullu
965 3335 1053 3374 meae
1074 3323 1121 3374 est
1129 3317 1144 3374 ἲ·

347 3398 517 3472 Expectant
533 3408 563 3466 te
583 3419 675 3458 saeva
696 3402 791 3474 vices,
817 3403 999 3476 flentemque
1021 3401 1132 3461 videbo
1180 3449 1183 3454 .

390 3482 491 3542 Imbre
514 3505 569 3562 per
591 3485 730 3562 indignas
751 3505 847 3562 usque
865 3487 993 3545 cedente
1013 3505 1118 3563 genes.

346 3565 384 3622 In
406 3567 508 3626 multis
529 3570 634 3627 Venus
659 3577 706 3628 est
726 3573 844 3630 verium
867 3580 897 3630 et
917 3571 1072 3630 mutabile.
1095 3571 1162 3630 solo
1182 3571 1244 3628 boc

390 3649 529 3708 Eximie:
551 3653 639 3712 elatis
663 3671 785 3729 semper
807 3655 913 3729 iniqua
931 3657 997 3714 fuit.
