3059 4492
708 476 857 570 —Sdss

326 643 512 703 Nascentem
532 639 699 715 Oharitum,
723 644 832 719 plausu
854 645 991 715 florente,
1014 644 1134 705 chorea.

326 731 367 790 Et
387 734 439 785 tua
460 734 624 786 tractantes
649 728 763 787 vitreae
788 728 937 787 cunabula
957 727 1119 805 Nymphae

328 813 464 874 Castalio
484 832 608 888 puerum
629 813 842 874 Permessidos
870 815 965 872 imbre
986 813 1121 890 rigarunt

328 897 498 958 Confessae
520 898 685 956 dominum.
707 899 797 957 Felix
813 899 962 956 natalibus
986 917 1076 958 omen

267 1051 271 1058 ¹
326 983 464 1042 Pierides
485 982 622 1040 cecinere
642 985 714 1054 tuis,
737 985 904 1057 florumque
925 984 1040 1042 recenti

326 1070 368 1129 Et
387 1069 472 1145 ripae
494 1068 619 1140 virides,
642 1076 675 1124 et
691 1067 797 1128 Renns
819 1067 887 1126 risit
908 1068 1012 1127 odore.

327 1156 399 1230 Ipse
421 1146 707 1219 suisaeri'Genius
731 1153 851 1212 visurus
875 1154 1008 1212 honores

327 1238 444 1311 Adfuit,
466 1238 596 1314 Assyrio
623 1237 782 1296 destillans
805 1245 943 1314 tempora
966 1238 1073 1310 nardo,
1171 1259 1174 1265 ·

328 1325 424 1384 Festa
444 1322 637 1382 coronandae
656 1330 785 1382 testatus
805 1323 915 1400 gaudia
937 1322 1026 1396 lucis,

328 1409 477 1471 Sutilibus
500 1407 600 1480 sertis,
626 1416 655 1465 et
675 1409 769 1484 plena
793 1409 868 1467 turis
892 1426 1003 1465 acerra.

327 1495 378 1567 nt,
401 1512 491 1568 quem
509 1501 540 1550 te
561 1512 738 1566 memorem,
763 1492 851 1566 dixit,
869 1493 961 1565 Puer,
982 1493 1072 1570 ignea
1095 1491 1183 1569 signa

327 1580 368 1639 nt
388 1579 487 1650 iubar,
512 1585 542 1635 et
561 1577 644 1636 rutili
666 1572 746 1635 clara
768 1585 945 1655 argumenta
964 1577 1071 1636 nitoris

327 1667 484 1742 Agnosco.
508 1661 571 1722 Sed
597 1681 679 1738 pone
699 1664 786 1740 nigra
806 1683 869 1722 nox
892 1663 1041 1739 obstrepit
1063 1663 1179 1720 umbra.

330 1749 358 1809 Ο
381 1749 409 1807 si
429 1747 559 1806 vividior
578 1748 677 1806 iustos
701 1749 756 1806 tibi
779 1756 920 1824 suppetat
939 1767 1037 1813 annos

329 1832 474 1910 Spiritus,
498 1841 529 1890 et
549 1840 691 1906 quantum
715 1834 790 1892 satis
814 1840 860 1891 est
878 1833 1057 1893 mortalibus
1080 1833 1157 1891 aevi.

329 1918 404 1978 Non
425 1918 480 1976 tibi
502 1920 660 1976 certabunt
682 1919 779 1976 Italae
800 1918 917 1977 telluris
939 1918 1039 1990 ocelli,

330 2004 404 2064 Non
426 2002 524 2063 Galli:
547 2023 610 2063 non
635 2023 711 2078 qnos
735 2004 810 2062 aluit
833 2001 997 2062 Germania
1017 2010 1112 2062 vates.

328 2089 397 2148 Nec
418 2108 452 2148 se
474 2089 537 2148 ullo
561 2096 677 2147 tantum
698 2088 824 2147 iactabit
843 2088 969 2165 Belgica
991 2088 1082 2147 tellus

329 2175 471 2252 Ingenio,
493 2193 550 2232 nec
569 2182 616 2232 tot
634 2174 781 2232 miracula
803 2181 905 2230 cernet
927 2173 958 2229 in
980 2193 1051 2231 uno.

328 2260 379 2318 Ah
400 2260 513 2318 tibine
534 2266 673 2334 coeptum
696 2259 851 2334 praecidat
873 2257 970 2315 Parca
989 2260 1135 2316 tenor-em.

328 2345 379 2403 Ah
399 2345 455 2402 tibi
475 2364 514 2402 ne
535 2344 671 2401 advertat
693 2363 803 2404 saevos
827 2342 1015 2401 Rhamnusia
1035 2343 1145 2402 vultus.

330 2429 444 2488 Verum
467 2449 496 2487 o.
520 2427 582 2488 Sed
603 2428 700 2504 rigida
718 2429 788 2488 Fati
808 2435 891 2487 stant
913 2428 1014 2486 omnia
1033 2428 1111 2504 lege.

329 2514 416 2573 Haec
437 2515 491 2573 vix
512 2522 620 2571 trunca
639 2513 737 2586 Deus,
760 2513 911 2590 singultus
932 2520 1049 2570 caetera
1070 2513 1191 2588 pressit.

329 2598 405 2658 Plus
427 2599 538 2675 potuit,
559 2616 648 2671 quam
672 2607 744 2656 vota
767 2599 837 2670 Dei,
859 2597 1045 2655 lacrimabile
1067 2597 1183 2656 Fatum.
1218 2635 1220 2640 ,

329 2682 398 2742 Nec
417 2683 517 2741 minus
540 2682 657 2739 interea
680 2683 769 2741 sertis
793 2682 963 2741 halantibus
987 2682 1093 2742 Horae
1146 2711 1152 2720 ·

329 2767 462 2826 infantie
484 2785 577 2824 cunas
600 2767 765 2838 cumulant,
788 2776 818 2825 et
839 2767 949 2843 pollice
973 2763 1085 2842 presso

329 2852 507 2929 Expediunt
526 2850 626 2926 plexis
648 2852 786 2910 vaccinia
807 2852 894 2930 nigra
915 2852 1066 2926 quasillis,

328 2937 380 2997 Ne
402 2944 455 2995 tna
475 2935 612 2994 mortalis
636 2944 739 2995 suctus
761 2937 891 2994 infantia
910 2938 997 2996 lactis

329 3023 474 3095 Duceret,
495 3022 563 3097 ipsa
584 3021 639 3080 tibi
661 3022 789 3096 puerilia
805 3022 892 3081 labra
911 3022 1020 3099 rigavit

329 3108 513 3170 Ambrosiae
534 3107 632 3166 succis
654 3107 862 3166 redolentibus
884 3107 986 3168 Attica
1007 3107 1109 3166 Pitho.

330 3193 420 3267 Quod
441 3195 468 3253 si
488 3200 615 3250 vexaret
635 3192 744 3268 vigiles
766 3192 921 3250 insomnia
944 3211 1031 3251 curas

329 3278 560 3356 Intempestivis
584 3278 708 3336 solvens
726 3277 878 3354 vagitibus
903 3297 967 3350 ora,
1086 3343 1092 3355 Ι

329 3362 405 3422 Non
426 3371 456 3421 te
474 3363 642 3422 somnifero
667 3363 793 3422 nutricis
815 3365 925 3422 naenia
944 3370 1044 3435 cantu,
1103 3401 1111 3419 .

329 3447 398 3507 Nec
422 3449 575 3508 delinifico
601 3448 714 3524 sopivit
736 3468 888 3506 murmure
913 3447 1019 3518 lallus3

330 3531 393 3593 Sed
414 3539 445 3590 te
466 3534 546 3592 trina
569 3533 690 3607 Charis,
714 3541 744 3592 te
767 3519 873 3592 'sedula
894 3534 980 3591 turba
1002 3531 1196 3590 Gamoenae

330 3616 490 3677 Certantes
514 3619 604 3676 simul
627 3619 748 3690 officiis,
772 3617 920 3692 Sirenque
939 3617 1050 3674 Latina

329 3702 527 3762 Flexanimae
550 3702 662 3760 blando
688 3701 808 3762 Suadae
831 3701 962 3760 mulsere
983 3717 1119 3771 susurro,
