3059 4492
717 490 868 605 -μο-

339 675 387 742 Τὰ
410 681 487 742 σῦκα
510 680 598 752 σῦκα,
617 675 670 758 τὴν
696 675 815 759 σκάφην
840 673 960 758 σκάφην
983 673 1076 757 λέγω.

339 759 388 826 Τὰ
407 760 541 847 χρήματ’
563 758 720 844 Αίσχύνου
742 781 776 821 τε
796 759 848 822 καὶ
863 757 1045 841 Θεαγένους.

340 843 402 909 Τὰν
447 850 516 929 εἶρα
537 843 744 930 ποτιφέροντα
761 843 816 906 τὰν
838 842 913 905 θεὰν
937 845 1044 926 καλήν.

340 869 511 1016 Τάργύριύν
535 928 613 991 ἐστιν
638 929 715 1011 αίμα
735 929 787 990 καὶ
810 926 894 1012 ψυχὴ
918 928 1046 1012 βροτοῖς.

339 1012 475 1100 Ταίριχος
494 1014 586 1081 δπτδς
606 1011 708 1093 εὐθὺς,
728 1012 765 1096 ἢν
789 1010 840 1094 ἴδη
862 1012 896 1073 τὸ
918 1017 988 1096 πῦρ.

340 1097 462 1183 Ταῦρος
484 1098 501 1160 δ
522 1096 626 1161 ἄκοντ’
651 1095 757 1174 ἔτικτε,
774 1096 826 1159 καὶ
847 1100 959 1179 ταῦρον
982 1097 1112 1180 δροίκων.

340 1181 420 1268 Τοίχ’
442 1121 611 1264 εἰαύμεαθα
635 1182 772 1263 μάντεων
795 1179 969 1264 ὑπέρτερον.

340 1265 406 1336 Τὰς
422 1267 571 1349 κνημίδες
593 1271 637 1350 τῷ
659 1265 755 1350 κρατὶ,
778 1269 818 1348 τή
838 1265 939 1348 κνήμη
960 1266 1082 1348 κράνος.

340 1348 437 1435 Τείχη
462 1351 571 1434 σιδηρᾶ
595 1352 711 1432 μᾶλλον
735 1349 789 1411 εἶν’
812 1349 831 1430 ή
853 1349 953 1431 γήϊνα.

341 1433 463 1499 Τέκτων
486 1433 544 1519 γὰρ
565 1435 607 1498 ὢν
630 1434 775 1519 ἔπραττες
799 1432 836 1495 ού
859 1432 1048 1517 ξυλουργικά.

341 1516 473 1603 Τετράδι
493 1518 643 1602 γενηθελς,
667 1522 709 1586 ὡς
729 1514 809 1581 ἔοικ’
833 1515 939 1586 ἄλλοις
957 1523 1053 1581 πονῶ.

341 1600 443 1688 Τέχνη
467 1601 577 1710 τέχνην
600 1600 731 1686 ἔστερξε,
755 1603 809 1664 καὶ
827 1598 904 1685 τύχη
926 1599 1031 1686 τύχην.

341 1684 390 1770 Τή
414 1687 467 1769 μὲν
491 1687 602 1769 διδωμι
619 1688 713 1792 χειρὶ,
732 1691 773 1770 πή
794 1687 832 1748 δὲ·
851 1687 1010 1770 λαμβάνω.

340 1768 447 1854 Τηλοδ
470 1771 555 1855 φίλοι
576 1792 711 1839 ναιοντες
733 1769 790 1832 οὐκ
810 1770 868 1834 είοὶ
890 1770 984 1854 φίλοι.

341 1852 405 1938 Τὴν
430 1855 505 1917 δαῖτ’
534 1854 632 1918 ὄνειον
657 1857 673 1919 ὁ
695 1853 818 1938 Σκύθης
842 1855 1005 1926 οἰκτίζεται.

342 1938 405 2022 Τὴν
426 1937 510 2025 χεῖρ’
538 1939 659 2024 ύπίαχει
682 1939 906 2024 κᾴποθνήσκων
928 1938 1074 2008 Ἀττικός.

342 2023 406 2107 Τῆς
427 2023 603 2109 ἐπιμελείας
624 2025 722 2087 δοῦλα
745 2024 843 2086 πάντα
865 2023 987 2105 γίνεται.

343 2109 383 2175 Τί
403 2109 460 2193 γὰρ
483 2112 612 2192 μακροῖς
631 2107 769 2171 αὐλοῖσιν
792 2107 929 2191 αύλήααί
948 2107 984 2191 μ’
1008 2107 1088 2186 ἔδεις

343 2192 383 2259 Τί
401 2195 478 2275 δῆτα
498 2196 600 2278 χεῖρες
622 2193 678 2255 οὐκ
700 2191 735 2256 ἂν
759 2191 963 2276 ἑργαααίατο;

344 2276 384 2342 Τί
402 2278 522 2360 μεγάλα
545 2278 768 2361 φροιμιάζομαι
788 2279 902 2361 μικρῶν
923 2277 1011 2360 πέρι;

344 2359 384 2426 Τί
403 2360 439 2423 οδ
463 2361 577 2444 γενήαη
603 2362 640 2444 δή
667 2361 739 2423 ποτ’
762 2360 916 2470 Ἀρήλέλας
938 2361 1007 2436 ίιύνς

345 2444 385 2510 Τί
403 2445 461 2508 οὐκ
481 2445 618 2528 ἀπήγξω,
637 2443 687 2507 ίνα
710 2443 820 2530 Θήβηα
856 2446 941 2528 ἥρως
962 2445 1054 2528 γένη;

345 2529 398 2598 Τίς
419 2529 475 2614 γὰρ
498 2528 658 2613 κατόπτρῳ
678 2529 731 2592 καλ
750 2532 860 2613 τυφλοῖ
881 2531 1040 2606 κοινωνίας

346 2613 398 2681 Τίς
421 2613 484 2675 ἐστι
506 2614 619 2680 δοῦλος
635 2617 690 2675 τοῦ
712 2614 818 2675 θανεῖν
839 2591 983 2697 ἔφρυντις
1005 2615 1066 2690 δύος

346 2695 423 2763 Τύδ’
445 2697 597 2768 ἐξοπλίζει
617 2693 730 2765 τούπος
750 2696 898 2782 Ἀργείων
921 2699 1011 2760 λεών.

346 2780 424 2846 Τύδ’
445 2779 508 2844 ἔστι
527 2783 636 2865 πολλῷ
656 2786 771 2886 μεῖζον,
788 2783 808 2864 ἢ
831 2778 942 2864 Τροίαν
967 2782 1059 2847 ἑλεῖν.

346 2863 389 2930 Τδ
410 2864 445 2927 κε’
467 2865 519 2932 δος
539 2864 610 2944 ἡδύ,
633 2888 687 2948 κφν
714 2865 776 2928 ἀπὸ
798 2866 920 2950 ψευδῶν
941 2865 990 2949 έη.

346 2947 389 3014 Τδ
414 2888 472 3034 μέν
489 2947 524 3034 μ’
548 2947 651 3011 ἔλειπε
673 2953 767 3032 κύρια,
786 2952 821 3013 τὸ
843 2949 874 3012 δ’
898 2950 1172 3040 ἐγκατελοίμβανεν.

346 3032 389 3100 Τὸ
414 3035 468 3116 μὲν
490 3034 642 3117 πάρεργον
666 3031 754 3118 ἔργον
779 3035 823 3102 ὣς
842 3033 1016 3118 ἡγούμεθα,
1174 3098 1179 3120 ,

388 3120 421 3183 τδ
446 3116 478 3180 δ’
503 3115 590 3202 ἔργον
611 3121 654 3186 ὥς
674 3121 825 3202 πάρεργον
850 3119 1076 3202 ἐκπονούμεθα.

347 3201 390 3267 Τδ
413 3208 533 3288 πρῶτον
556 3204 600 3271 εἰς
625 3203 696 3271 τοὺς
713 3204 826 3271 παῖδας
847 3201 992 3286 ἐζηλοδτ’
1010 3205 1116 3291 Ἀρης.

347 3285 391 3351 Tb
413 3289 518 3352 σκαιὸν
542 3287 627 3373 ὄμμα
647 3289 838 3372 παραβαλὼν
857 3286 952 3351 θύνου
976 3290 1071 3375 δίκην.

347 3368 391 3435 Τὸ
413 3373 553 3456 συγγενὲς
573 3371 630 3456 γὰρ
652 3373 703 3434 καλ
749 3372 849 3435 θονεῖν
870 3372 1036 3437 ἐπίσταται.

347 3451 391 3518 Τδ
412 3455 502 3526 τέλος
524 3455 580 3539 ἅμ’
603 3457 640 3541 ἀρ
663 3461 687 3539 ή
725 3395 803 3525 ύθδς
825 3455 861 3518 ού
883 3459 1111 3544 καταφαίνεται.

347 3535 495 3609 Τοιοῦτός
517 3541 594 3604 ἐστιν
620 3479 726 3625 υίδπερ
748 3542 856 3624 ἥδεται
878 3545 985 3605 συνὼν.

348 3619 421 3691 Τοῖς
440 3621 474 3686 εύ
494 3629 642 3708 φρυνοιῖοι
664 3630 917 3708 συμπαραστατεῖ
933 3625 1021 3710 τύχη.

321 3789 323 3793 Α
349 3704 496 3775 Τοιοῦτος
517 3708 559 3771 ὢν
583 3707 640 3772 οδκ
660 3708 696 3771 ἄν
716 3708 747 3789 γ’
771 3707 838 3770 ἕλοι
858 3706 945 3770 πόλιν
967 3707 1053 3770 ποτέ.
