3059 4492
727 500 877 594 „⁵⁶4

386 665 554 726 Versiculis
577 667 697 742 spirans
721 689 783 728 vox
805 671 938 728 animata
958 671 1039 730 tuis?

342 750 469 825 Accepit
490 751 558 810 dios
578 770 598 808 a
618 760 660 825 te,
681 770 756 828 quos
781 755 930 826 redderet,
954 755 1018 828 illa,

385 839 414 895 A
434 835 560 895 Phoebo
580 846 721 915 acceptos
745 839 846 899 reddis
868 850 901 898 ut
918 841 984 915 ipse
1007 861 1109 900 sonos.

406 1005 456 1064 22.
500 1008 540 1063 In
560 984 772 1082 Inscriptioeee
795 1011 931 1083 antiquos
953 1010 1023 1066 Iani
1046 1009 1171 1070 Gmtert.
1255 987 1261 998 Β
1368 1049 1369 1092 1

344 1089 495 1150 Cadmeas
518 1091 611 1165 iactet
628 1110 680 1148 cur
698 1093 831 1150 mendax
853 1091 987 1151 Graecia
1009 1105 1117 1170 turres,

366 1168 449 1236 'Aut
466 1176 683 1251 Amphioniam
704 1195 782 1234 saxa
804 1185 907 1236 secuta
926 1179 1046 1256 lyram?

344 1261 469 1338 Aspice,
492 1260 572 1336 quod
594 1279 721 1338 surgens
743 1282 807 1320 non
828 1281 924 1339 parva
944 1263 1026 1321 mole
1051 1266 1200 1324 theatrum

387 1345 510 1405 Gruteri
531 1346 640 1404 struxit
662 1346 792 1404 daedala
812 1366 884 1405 cura
906 1348 975 1405 mei.

343 1432 450 1507 Usque
470 1439 627 1507 pererrato
649 1439 797 1489 terrarum
822 1433 882 1490 fine
903 1433 1015 1508 petitus

388 1514 528 1575 Cernitur
548 1535 588 1573 ex
611 1517 694 1574 omni
717 1517 864 1593 plurimus
888 1518 959 1575 orbe
977 1517 1067 1594 lapis.

344 1602 507 1661 Armorum
526 1600 576 1658 hic
594 1601 702 1673 titulis,
722 1601 775 1659 ille
800 1611 846 1660 est
867 1603 982 1660 incisus
1004 1603 1167 1663 honorum:

388 1684 529 1745 Consulis
550 1685 599 1742 hic
618 1686 714 1763 fulget
729 1686 881 1759 laudibus,
907 1686 958 1744 ille
980 1688 1075 1748 ducis.

344 1769 504 1829 Nobilium
523 1771 662 1828 decorum
685 1770 964 1844 custos,'Grutere,
987 1772 1131 1833 Vetustas

386 1855 543 1932 Explicuit
564 1874 674 1914 census
696 1856 804 1914 intua
824 1865 896 1914 rota
919 1875 1000 1914 suos.

346 1939 467 2017 Scripta
485 1950 532 1999 tot
553 1940 671 2018 elogiis,
694 1949 741 1999 tot
762 1942 872 2000 dissita
891 1942 1014 2000 sedibus
1035 1942 1117 2016 olim,

386 2026 423 2083 In
443 2026 546 2084 titulos
569 2026 670 2085 laudis
693 2045 774 2084 nunc
796 2028 895 2085 coiere
919 2036 997 2086 tuae.

344 2194 396 2253 23.
411 2197 449 2253 In
458 2196 620 2254 Abrabame'
633 2195 751 2254 Gerlaea'
759 2197 1007 2272 Dactyliothecam
1018 2206 1046 2254 et
1057 2195 1259 2259 Gemestarium.

346 2278 433 2340 Sicut
455 2282 492 2338 ab
515 2281 625 2338 anellis
646 2281 779 2357 lapides,
802 2289 831 2338 et
850 2282 928 2340 flava
950 2301 1083 2340 sororum

388 2364 567 2425 Transferre
587 2366 618 2422 in
642 2366 752 2424 calices
773 2367 896 2424 succina
915 2366 1003 2425 ludus
1025 2375 1105 2425 erat:

345 2446 398 2510 Sic
420 2470 437 2507 e
459 2449 593 2509 thesauri
615 2451 714 2508 medio
736 2449 888 2510 Gorlaeus
910 2452 943 2508 in
963 2451 1054 2510 istum

387 2535 455 2594 Has
474 2553 610 2613 gemmas
632 2535 742 2593 librum
762 2537 918 2608 transtulit
938 2536 1007 2612 ipse
1031 2536 1091 2594 sui:

344 2618 387 2678 Ut
409 2638 491 2694 quae,
504 2621 556 2678 vix
577 2628 719 2695 poterant
739 2621 805 2678 auri
825 2621 962 2678 mercede
982 2621 1093 2696 parari,
1121 2613 1124 2620 ¹

386 2703 455 2764 Has
474 2704 528 2762 vili
546 2712 651 2780 partas
671 2705 784 2763 Lector
805 2707 930 2763 haberet
950 2725 1033 2782 opes.

346 2790 465 2864 Musae,
485 2808 563 2864 quae
588 2789 685 2846 doctis
707 2789 906 2866 scriptoribus
929 2799 1018 2867 atque
1039 2791 1151 2848 libellis

387 2875 428 2932 Et
451 2875 543 2932 decus
566 2882 597 2930 et
617 2873 737 2932 laudem
760 2877 897 2951 praemia
914 2895 983 2933 rara
1005 2876 1094 2950 datis,

345 2958 478 3020 Gorlaeo
498 2979 515 3016 e
536 2960 646 3017 vestris
665 2961 792 3036 gemmis
815 2969 979 3037 properate
1004 2979 1158 3020 coronam.

389 3043 444 3106 Sin
468 3045 580 3116 minus,
601 3064 618 3102 e
639 3045 767 3122 gemmis
791 3045 922 3104 instruat
942 3047 994 3105 ille
1018 3043 1094 3104 suis:

345 3214 396 3273 2⁴.
437 3218 476 3272 In
500 3219 613 3290 priacoo
637 3216 747 3272 Titulos
775 3224 802 3272 et
828 3215 1008 3273 Monimema
1035 3217 1219 3273 Brabontiae
1239 3233 1259 3271 o
1368 3267 1369 3276 ,

424 3302 536 3358 From.
560 3299 698 3359 Sweertt'o
721 3303 781 3357 ciue
804 3300 1020 3376 Aotmerpiemi
1041 3300 1167 3358 collecto.

345 3385 550 3460 Quaecunque
570 3386 602 3442 in
625 3385 743 3462 patriae
764 3385 972 3461 penetralibus
992 3385 1095 3442 abdita
1116 3383 1224 3460 priscis

386 3468 446 3526 Vel
464 3470 549 3530 saxis
568 3478 712 3546 poterant
733 3489 834 3542 caesa,
858 3471 905 3527 vel
929 3490 999 3528 aere
1020 3469 1091 3547 legi,

344 3551 431 3627 Quae
449 3554 534 3612 nulla
556 3556 683 3628 utilitas,
707 3576 767 3613 non
789 3555 887 3632 gratia
906 3564 987 3613 certa
1006 3555 1158 3626 manebat,

386 3638 468 3697 Dum
489 3658 598 3715 sparsa
620 3641 651 3697 in
673 3641 764 3699 variis
784 3641 907 3700 sedibus
928 3640 983 3697 illa
1006 3640 1115 3710 iacent,

345 3722 474 3784 Sweertr
496 3743 567 3782 cura
588 3724 695 3803 legens
722 3744 830 3802 corpus
853 3723 1000 3782 conduxit
1016 3725 1048 3781 in
1070 3743 1172 3795 unum,
