3059 4492
782 474 844 536 364

296 645 526 704 lthLevamen
549 662 628 716 aare,
648 661 715 702 cum
738 644 884 702 tumultus
907 643 1044 702 hosticus

370 728 511 786 Vastebit
532 748 604 786 srvs
626 735 656 785 et
677 727 790 786 Teucri
810 728 947 787 donaria.

372 811 434 872 Sed
457 820 486 870 et
505 813 618 871 sufetes
640 813 770 872 victimis
792 813 911 871 lictenii

372 897 472 956 Tuam
494 898 639 956 favebunt
658 899 836 957 utrdeorum
859 898 1013 956 adoream.
1085 899 1275 976 [fovebam]

372 983 412 1040 Et
432 981 582 1042 Onossum
603 982 698 1040 adibit
720 991 809 1057 atque
828 981 972 1058 Gortynis
994 983 1100 1041 domos

298 1066 363 1123 1215
373 1069 459 1126 Meae
481 1068 587 1125 ruinae
609 1067 718 1140 luctus,
744 1076 774 1126 et
796 1068 948 1126 caduciter

371 1152 490 1211 Ducum
513 1153 657 1210 lababunt
677 1160 765 1211 tecta.
789 1173 847 1211 non
867 1153 946 1210 enim
966 1152 1114 1210 innocens

372 1237 518 1295 Lembum
541 1237 686 1294 biremem
706 1246 799 1296 nauta
821 1239 955 1312 piscator
973 1235 1060 1312 regit,

372 1322 506 1380 Leucum
529 1331 716 1396 sequestrem
734 1323 838 1398 regiae
859 1323 984 1381 ductans
1006 1321 1086 1393 dolo,

375 1407 547 1484 Odinmque
570 1409 668 1466 caecis
692 1407 851 1482 implicans
874 1406 1054 1464 mendaciis:

297 1491 364 1546 12⁴2ss
376 1491 443 1550 Nee
461 1493 514 1550 ille
536 1501 639 1567 parcet
657 1492 775 1564 liberie,
799 1511 854 1550 nec
876 1491 997 1567 coniugi

372 1577 490 1649 Medae,
514 1578 625 1636 furoris
651 1579 795 1636 aestubus
819 1587 949 1634 mentem
972 1577 1069 1648 avius,

372 1661 445 1719 Non
466 1661 653 1720 Clesitherae
672 1663 764 1733 filiae,
788 1663 872 1720 cuius
891 1670 978 1736 pater

372 1745 505 1804 Draconi
527 1747 647 1806 alumno
674 1757 780 1824 sponte
799 1747 918 1823 nuptias
941 1746 1036 1804 dabit:

373 1831 548 1907 Omnesque
571 1833 662 1889 crude
682 1833 769 1896 cedet
793 1833 825 1890 in
846 1832 941 1890 sacris
964 1851 1054 1888 manu

297 1914 492 1976 resecemus
515 1917 649 1990 semesis,
673 1918 795 1976 saucios
816 1917 984 1976 crudeliter.

371 2001 536 2078 Decusque
556 2002 666 2060 avitum
689 2002 808 2061 illustre
827 2001 962 2079 progenii
982 2021 1066 2060 meae

371 2090 488 2145 Aevum
510 2095 634 2162 nepotes
657 2089 785 2145 efferent
802 2089 833 2144 in
856 2095 1022 2162 posterum,

373 2169 521 2230 Coronam
545 2171 645 2248 adepti
666 2173 788 2248 praeliis
812 2172 1021 2248 perduellium,

372 2256 485 2314 Terrae
507 2257 658 2332 marisque
679 2259 726 2316 ius
748 2265 887 2316 tenentes
908 2257 1070 2333 principes:

297 2347 363 2400 1930
372 2340 438 2400 Nec
463 2342 616 2400 mentione
639 2351 775 2418 postuma
799 2362 911 2400 nomen
933 2361 1038 2400 carens

374 2425 495 2486 Celabis
516 2427 585 2486 altis
605 2428 634 2484 in
658 2429 803 2500 tenebris,
828 2427 932 2502 patris.

264 2551 267 2556 -
372 2511 464 2571 Tales
486 2513 636 2586 relinquet
653 2513 852 2572 consobrinus
873 2511 1008 2586 duplices

374 2598 460 2654 Meus
482 2597 602 2669 leones,
624 2597 788 2655 maximum
810 2599 926 2656 Romae
951 2615 1059 2673 genus,

375 2679 491 2740 Gnatus
515 2690 660 2740 venustae
681 2683 898 2754 Vortioordiae‚
920 2681 1025 2740 cluens

298 2765 496 2837 reuertentis,
519 2786 574 2824 nec
596 2768 658 2824 acri
679 2768 879 2842 poenitendus
899 2766 1020 2840 praelio.

371 2849 543 2909 Rhaecelon
564 2855 666 2910 urbem
689 2854 740 2927 qui
762 2853 845 2929 prius
873 2859 999 2909 ventans
1023 2852 1102 2910 colet

372 2933 454 2994 Cissi
474 2936 511 2994 ad
532 2956 701 3012 supremum
727 2938 855 3008 culmen,
878 2945 908 2994 et
929 2937 1112 3014 Laphystias

371 3019 472 3079 Cornu
489 3022 622 3099 rigentes
645 3024 793 3082 feminas:
817 3022 977 3096 Halmopia

370 3106 503 3165 Rursum
527 3115 687 3166 exeuntem
709 3128 796 3182 quem
823 3115 925 3166 manet
947 3106 1105 3178 Turrense,

296 3194 362 3248 1240
371 3190 508 3267 Tepente
529 3194 670 3268 Lynceus
691 3203 720 3250 et
738 3193 910 3251 redundans
932 3190 1061 3268 agmine.

369 3277 410 3334 Et
430 3277 513 3349 Pisa,
536 3296 686 3352 pecorosa
708 3287 798 3353 atquc
817 3277 944 3355 Agylles
969 3295 1096 3352 pascuas

370 3362 510 3420 Miscebit
530 3363 625 3422 hostis
649 3381 778 3439 quocum
800 3365 927 3420 amicum
948 3361 1125 3432 exercitum,

370 3446 506 3524 Adigens
527 3458 715 3507 sacramento
739 3457 828 3522 atque
850 3446 1007 3522 suppliciis
1029 3465 1164 3521 precum,

370 3532 448 3590 Erro
469 3533 600 3592 latentes
621 3535 752 3609 pumilus
775 3553 902 3608 ruspans
923 3532 988 3590 vias

295 3615 362 3669 1245
372 3616 487 3676 Terrae
509 3621 675 3694 marisque:
698 3628 760 3678 tum
781 3618 871 3677 simul
892 3618 955 3676 nati
976 3617 1036 3675 dno

334 3727 337 3738 ¹
371 3703 478 3780 Mysos
500 3705 633 3782 regentis
656 3705 756 3780 (cuius
778 3704 886 3762 auertit
906 3704 982 3762 deus
