<?xml version="1.0" encoding="UTF-8"?>
<!DOCTYPE html PUBLIC "-//W3C//DTD XHTML 1.0 Transitional//EN"
    "http://www.w3.org/TR/xhtml1/DTD/xhtml1-transitional.dtd">
<html xmlns="http://www.w3.org/1999/xhtml" xml:lang="en" lang="en">
 <head>
  <title>
</title>
<meta http-equiv="Content-Type" content="text/html;charset=utf-8" />
  <meta name='ocr-system' content='tesseract 3.04.00' />
  <meta name='ocr-capabilities' content='ocr_page ocr_carea ocr_par ocr_line ocrx_word'/>
</head>
<body>
  <div class='ocr_page' id='page_1' title='image "./poemataomnia01scalgoog_0100.png"; bbox 0 0 3059 4492; ppageno 0'>
   <div class='ocr_carea' id='block_1_1' title="bbox 340 471 1180 1061">
    <p class='ocr_par' dir='ltr' id='par_1_1' title="bbox 340 471 1180 1061">
     <span class='ocr_line' id='line_1_1' title="bbox 777 471 816 530; baseline 0 0"><span class='ocrx_word' id='word_1_1' title='bbox 777 471 816 530; x_wconf 87' lang='grc'><strong>96</strong></span> 
     </span>
     <span class='ocr_line' id='line_1_2' title="bbox 340 638 1180 715; baseline 0.006 -16"><span class='ocrx_word' id='word_1_2' title='bbox 340 639 438 712; x_wconf 84' lang='lat' dir='ltr'>Adde,</span> <span class='ocrx_word' id='word_1_3' title='bbox 459 638 541 714; x_wconf 90' lang='lat' dir='ltr'><strong>quod</strong></span> <span class='ocrx_word' id='word_1_4' title='bbox 560 639 708 715; x_wconf 81' lang='lat' dir='ltr'><strong>ingenuae</strong></span> <span class='ocrx_word' id='word_1_5' title='bbox 730 641 840 700; x_wconf 86' lang='lat' dir='ltr'><strong>mentis</strong></span> <span class='ocrx_word' id='word_1_6' title='bbox 864 661 926 698; x_wconf 91' lang='lat' dir='ltr'><strong>non</strong></span> <span class='ocrx_word' id='word_1_7' title='bbox 950 640 1055 698; x_wconf 88' lang='lat' dir='ltr'><strong>ultima</strong></span> <span class='ocrx_word' id='word_1_8' title='bbox 1077 661 1180 704; x_wconf 85' lang='lat' dir='ltr'><strong>mores</strong></span> 
     </span>
     <span class='ocr_line' id='line_1_3' title="bbox 382 724 1032 799; baseline 0.003 -18"><span class='ocrx_word' id='word_1_9' title='bbox 382 725 465 782; x_wconf 90' lang='lat' dir='ltr'><strong>Inter</strong></span> <span class='ocrx_word' id='word_1_10' title='bbox 484 724 621 782; x_wconf 85' lang='lat' dir='ltr'><strong>sinceros</strong></span> <span class='ocrx_word' id='word_1_11' title='bbox 645 727 777 799; x_wconf 87' lang='lat' dir='ltr'><strong>praemia</strong></span> <span class='ocrx_word' id='word_1_12' title='bbox 799 726 912 785; x_wconf 88' lang='lat' dir='ltr'><strong>candor</strong></span> <span class='ocrx_word' id='word_1_13' title='bbox 935 726 1032 785; x_wconf 88' lang='lat' dir='ltr'><strong>habet.</strong></span> 
     </span>
     <span class='ocr_line' id='line_1_4' title="bbox 342 808 1140 888; baseline 0.001 -20"><span class='ocrx_word' id='word_1_14' title='bbox 342 808 466 880; x_wconf 83' lang='lat' dir='ltr'><strong>Contra,</strong></span> <span class='ocrx_word' id='word_1_15' title='bbox 489 809 623 866; x_wconf 88' lang='lat' dir='ltr'><strong>mordaci</strong></span> <span class='ocrx_word' id='word_1_16' title='bbox 645 827 813 884; x_wconf 81' lang='lat' dir='ltr'><strong>quenquam</strong></span> <span class='ocrx_word' id='word_1_17' title='bbox 836 810 1017 888; x_wconf 84' lang='lat' dir='ltr'><strong>distringere</strong></span> <span class='ocrx_word' id='word_1_18' title='bbox 1037 810 1140 888; x_wconf 87' lang='lat' dir='ltr'><strong>lingua</strong></span> 
     </span>
     <span class='ocr_line' id='line_1_5' title="bbox 383 894 1037 970; baseline 0 -17"><span class='ocrx_word' id='word_1_19' title='bbox 383 895 440 953; x_wconf 85' lang='lat' dir='ltr'><strong>Est</strong></span> <span class='ocrx_word' id='word_1_20' title='bbox 461 894 554 950; x_wconf 90' lang='lat' dir='ltr'><strong>animi</strong></span> <span class='ocrx_word' id='word_1_21' title='bbox 575 895 662 970; x_wconf 89' lang='lat' dir='ltr'><strong>nigro</strong></span> <span class='ocrx_word' id='word_1_22' title='bbox 684 894 756 952; x_wconf 84' lang='lat' dir='ltr'><strong>felle</strong></span> <span class='ocrx_word' id='word_1_23' title='bbox 779 895 936 955; x_wconf 86' lang='lat' dir='ltr'><strong>madentis</strong></span> <span class='ocrx_word' id='word_1_24' title='bbox 950 915 1037 970; x_wconf 87' lang='lat' dir='ltr'><strong>opus.</strong></span> 
     </span>
     <span class='ocr_line' id='line_1_6' title="bbox 340 977 1150 1061; baseline 0 -23"><span class='ocrx_word' id='word_1_25' title='bbox 340 977 436 1038; x_wconf 86' lang='lat' dir='ltr'><strong>Nulla</strong></span> <span class='ocrx_word' id='word_1_26' title='bbox 455 979 747 1061; x_wconf 83' lang='lat' dir='ltr'><strong>venenatissalibus</strong></span> <span class='ocrx_word' id='word_1_27' title='bbox 769 981 824 1038; x_wconf 85' lang='lat' dir='ltr'><strong>tibi</strong></span> <span class='ocrx_word' id='word_1_28' title='bbox 844 981 952 1057; x_wconf 87' lang='lat' dir='ltr'><strong>pagina</strong></span> <span class='ocrx_word' id='word_1_29' title='bbox 975 981 1068 1038; x_wconf 86' lang='lat' dir='ltr'><strong>tincta</strong></span> <span class='ocrx_word' id='word_1_30' title='bbox 1092 988 1150 1054; x_wconf 89' lang='lat' dir='ltr'><strong>est,</strong></span> 
     </span>
    </p>
   </div>
   <div class='ocr_carea' id='block_1_2' title="bbox 208 1063 1102 1142">
    <p class='ocr_par' dir='ltr' id='par_1_2' title="bbox 208 1063 1102 1142">
     <span class='ocr_line' id='line_1_7' title="bbox 208 1063 1102 1142; baseline 0.003 -22"><span class='ocrx_word' id='word_1_31' title='bbox 208 1080 226 1098; x_wconf 82' lang='lat'>·</span> <span class='ocrx_word' id='word_1_32' title='bbox 289 1078 291 1093; x_wconf 65' lang='lat'><em>¹</em></span> <span class='ocrx_word' id='word_1_33' title='bbox 384 1063 452 1121; x_wconf 89' lang='lat' dir='ltr'><strong>Nec</strong></span> <span class='ocrx_word' id='word_1_34' title='bbox 472 1064 555 1121; x_wconf 87' lang='lat' dir='ltr'><strong>dedit</strong></span> <span class='ocrx_word' id='word_1_35' title='bbox 572 1064 700 1122; x_wconf 78' lang='lat' dir='ltr'><strong>infames</strong></span> <span class='ocrx_word' id='word_1_36' title='bbox 721 1064 825 1142; x_wconf 88' lang='lat' dir='ltr'><strong>lingua</strong></span> <span class='ocrx_word' id='word_1_37' title='bbox 846 1072 985 1140; x_wconf 87' lang='lat' dir='ltr'><strong>proterva</strong></span> <span class='ocrx_word' id='word_1_38' title='bbox 1004 1065 1102 1125; x_wconf 86' lang='lat' dir='ltr'><strong>iocos.</strong></span> 
     </span>
    </p>
   </div>
   <div class='ocr_carea' id='block_1_3' title="bbox 296 1147 1259 3772">
    <p class='ocr_par' dir='ltr' id='par_1_3' title="bbox 296 1147 1259 3772">
     <span class='ocr_line' id='line_1_8' title="bbox 341 1147 1155 1226; baseline 0.001 -19"><span class='ocrx_word' id='word_1_39' title='bbox 341 1147 420 1220; x_wconf 88' lang='lat' dir='ltr'><strong>Nec,</strong></span> <span class='ocrx_word' id='word_1_40' title='bbox 442 1168 518 1223; x_wconf 90' lang='lat' dir='ltr'><strong>quae</strong></span> <span class='ocrx_word' id='word_1_41' title='bbox 538 1167 587 1206; x_wconf 90' lang='lat' dir='ltr'><strong>res</strong></span> <span class='ocrx_word' id='word_1_42' title='bbox 607 1168 683 1207; x_wconf 88' lang='lat' dir='ltr'><strong>aevo</strong></span> <span class='ocrx_word' id='word_1_43' title='bbox 703 1169 766 1209; x_wconf 92' lang='lat' dir='ltr'><strong>non</strong></span> <span class='ocrx_word' id='word_1_44' title='bbox 791 1158 839 1208; x_wconf 89' lang='lat' dir='ltr'><strong>est</strong></span> <span class='ocrx_word' id='word_1_45' title='bbox 860 1150 1014 1226; x_wconf 83' lang='lat' dir='ltr'><strong>incognita</strong></span> <span class='ocrx_word' id='word_1_46' title='bbox 1036 1159 1155 1224; x_wconf 89' lang='lat' dir='ltr'><strong>nostro,</strong></span> 
     </span>
     <span class='ocr_line' id='line_1_9' title="bbox 387 1233 1102 1309; baseline 0.001 -15"><span class='ocrx_word' id='word_1_47' title='bbox 387 1233 544 1294; x_wconf 88' lang='lat' dir='ltr'><strong>Strinxisti</strong></span> <span class='ocrx_word' id='word_1_48' title='bbox 571 1234 603 1290; x_wconf 92' lang='lat' dir='ltr'><strong>in</strong></span> <span class='ocrx_word' id='word_1_49' title='bbox 627 1234 763 1293; x_wconf 85' lang='lat' dir='ltr'><strong>celebres</strong></span> <span class='ocrx_word' id='word_1_50' title='bbox 785 1235 876 1309; x_wconf 88' lang='lat' dir='ltr'><strong>impia</strong></span> <span class='ocrx_word' id='word_1_51' title='bbox 899 1235 991 1292; x_wconf 88' lang='lat' dir='ltr'><strong>verba</strong></span> <span class='ocrx_word' id='word_1_52' title='bbox 1010 1234 1102 1295; x_wconf 88' lang='lat' dir='ltr'><strong>viros.</strong></span> 
     </span>
     <span class='ocr_line' id='line_1_10' title="bbox 342 1318 1202 1400; baseline 0.006 -23"><span class='ocrx_word' id='word_1_53' title='bbox 342 1321 412 1378; x_wconf 89' lang='lat' dir='ltr'><strong>Iure</strong></span> <span class='ocrx_word' id='word_1_54' title='bbox 433 1319 525 1395; x_wconf 91' lang='lat' dir='ltr'><strong>igitur</strong></span> <span class='ocrx_word' id='word_1_55' title='bbox 542 1318 704 1392; x_wconf 79' lang='lat' dir='ltr'><strong>querimur,</strong></span> <span class='ocrx_word' id='word_1_56' title='bbox 725 1329 755 1376; x_wconf 90' lang='lat' dir='ltr'><strong>te</strong></span> <span class='ocrx_word' id='word_1_57' title='bbox 768 1320 840 1377; x_wconf 87' lang='lat' dir='ltr'><strong>iure</strong></span> <span class='ocrx_word' id='word_1_58' title='bbox 862 1318 1000 1377; x_wconf 87' lang='lat' dir='ltr'><strong>dolemus</strong></span> <span class='ocrx_word' id='word_1_59' title='bbox 1019 1320 1202 1400; x_wconf 86' lang='lat' dir='ltr'><strong>ademptum,</strong></span> 
     </span>
     <span class='ocr_line' id='line_1_11' title="bbox 387 1398 1095 1479; baseline 0 -15"><span class='ocrx_word' id='word_1_60' title='bbox 387 1403 496 1464; x_wconf 89' lang='lat' dir='ltr'><strong>Omnis</strong></span> <span class='ocrx_word' id='word_1_61' title='bbox 518 1411 548 1460; x_wconf 92' lang='lat' dir='ltr'><strong>et</strong></span> <span class='ocrx_word' id='word_1_62' title='bbox 567 1403 599 1459; x_wconf 90' lang='lat' dir='ltr'><strong>in</strong></span> <span class='ocrx_word' id='word_1_63' title='bbox 620 1413 734 1479; x_wconf 87' lang='lat' dir='ltr'><strong>partem</strong></span> <span class='ocrx_word' id='word_1_64' title='bbox 756 1405 843 1462; x_wconf 90' lang='lat' dir='ltr'><strong>turba</strong></span> <span class='ocrx_word' id='word_1_65' title='bbox 863 1398 978 1463; x_wconf 88' lang='lat' dir='ltr'><strong>doloris</strong></span> <span class='ocrx_word' id='word_1_66' title='bbox 998 1405 1095 1479; x_wconf 86' lang='lat' dir='ltr'><strong>adest,</strong></span> 
     </span>
     <span class='ocr_line' id='line_1_12' title="bbox 342 1488 1141 1566; baseline 0.001 -18"><span class='ocrx_word' id='word_1_67' title='bbox 342 1490 383 1548; x_wconf 84' lang='lat' dir='ltr'><strong>Et</strong></span> <span class='ocrx_word' id='word_1_68' title='bbox 402 1488 510 1546; x_wconf 85' lang='lat' dir='ltr'><strong>miscet</strong></span> <span class='ocrx_word' id='word_1_69' title='bbox 529 1489 669 1564; x_wconf 83' lang='lat' dir='ltr'><strong>gemitus,</strong></span> <span class='ocrx_word' id='word_1_70' title='bbox 693 1497 722 1546; x_wconf 90' lang='lat' dir='ltr'><strong>et</strong></span> <span class='ocrx_word' id='word_1_71' title='bbox 748 1490 838 1546; x_wconf 86' lang='lat' dir='ltr'><strong>verba</strong></span> <span class='ocrx_word' id='word_1_72' title='bbox 856 1490 1011 1563; x_wconf 88' lang='lat' dir='ltr'><strong>querentia</strong></span> <span class='ocrx_word' id='word_1_73' title='bbox 1031 1490 1141 1566; x_wconf 87' lang='lat' dir='ltr'><strong>fundit,</strong></span> 
     </span>
     <span class='ocr_line' id='line_1_13' title="bbox 387 1574 1038 1648; baseline 0.002 -17"><span class='ocrx_word' id='word_1_74' title='bbox 387 1574 449 1631; x_wconf 89' lang='lat' dir='ltr'><strong>Pro</strong></span> <span class='ocrx_word' id='word_1_75' title='bbox 472 1581 573 1630; x_wconf 90' lang='lat' dir='ltr'><strong>tamen</strong></span> <span class='ocrx_word' id='word_1_76' title='bbox 599 1580 701 1648; x_wconf 91' lang='lat' dir='ltr'><strong>erepto</strong></span> <span class='ocrx_word' id='word_1_77' title='bbox 724 1594 787 1632; x_wconf 92' lang='lat' dir='ltr'><strong>non</strong></span> <span class='ocrx_word' id='word_1_78' title='bbox 812 1574 939 1632; x_wconf 88' lang='lat' dir='ltr'><strong>valitura</strong></span> <span class='ocrx_word' id='word_1_79' title='bbox 962 1575 1038 1632; x_wconf 88' lang='lat' dir='ltr'><strong>viro.</strong></span> 
     </span>
     <span class='ocr_line' id='line_1_14' title="bbox 345 1657 1177 1736; baseline 0.005 -20"><span class='ocrx_word' id='word_1_80' title='bbox 345 1659 405 1718; x_wconf 90' lang='lat' dir='ltr'><strong>Hei</strong></span> <span class='ocrx_word' id='word_1_81' title='bbox 426 1658 500 1714; x_wconf 91' lang='lat' dir='ltr'><strong>mihi</strong></span> <span class='ocrx_word' id='word_1_82' title='bbox 523 1676 612 1731; x_wconf 85' lang='lat' dir='ltr'><strong>quam</strong></span> <span class='ocrx_word' id='word_1_83' title='bbox 634 1657 726 1715; x_wconf 91' lang='lat' dir='ltr'><strong>celeri</strong></span> <span class='ocrx_word' id='word_1_84' title='bbox 748 1667 849 1716; x_wconf 88' lang='lat' dir='ltr'><strong>versat</strong></span> <span class='ocrx_word' id='word_1_85' title='bbox 867 1659 932 1718; x_wconf 86' lang='lat' dir='ltr'><strong>fors</strong></span> <span class='ocrx_word' id='word_1_86' title='bbox 956 1659 1057 1716; x_wconf 90' lang='lat' dir='ltr'><strong>omnia</strong></span> <span class='ocrx_word' id='word_1_87' title='bbox 1076 1659 1177 1736; x_wconf 82' lang='lat' dir='ltr'><strong>lapsu,</strong></span> 
     </span>
     <span class='ocr_line' id='line_1_15' title="bbox 387 1742 1089 1817; baseline 0.007 -17"><span class='ocrx_word' id='word_1_88' title='bbox 387 1742 484 1817; x_wconf 78' lang='lat' dir='ltr'><strong>Quam</strong></span> <span class='ocrx_word' id='word_1_89' title='bbox 506 1742 610 1817; x_wconf 88' lang='lat' dir='ltr'><strong>rapido</strong></span> <span class='ocrx_word' id='word_1_90' title='bbox 635 1744 750 1801; x_wconf 85' lang='lat' dir='ltr'><strong>subitas</strong></span> <span class='ocrx_word' id='word_1_91' title='bbox 772 1743 880 1800; x_wconf 84' lang='lat' dir='ltr'><strong>alterat</strong></span> <span class='ocrx_word' id='word_1_92' title='bbox 901 1745 975 1802; x_wconf 90' lang='lat' dir='ltr'><strong>orbe</strong></span> <span class='ocrx_word' id='word_1_93' title='bbox 997 1744 1089 1805; x_wconf 70' lang='lat' dir='ltr'><strong>tices.</strong></span> 
     </span>
     <span class='ocr_line' id='line_1_16' title="bbox 343 1827 1173 1905; baseline 0.004 -18"><span class='ocrx_word' id='word_1_94' title='bbox 343 1830 387 1902; x_wconf 89' lang='lat' dir='ltr'><strong>Is,</strong></span> <span class='ocrx_word' id='word_1_95' title='bbox 409 1827 501 1886; x_wconf 91' lang='lat' dir='ltr'><strong>modo</strong></span> <span class='ocrx_word' id='word_1_96' title='bbox 524 1845 613 1900; x_wconf 90' lang='lat' dir='ltr'><strong>quem</strong></span> <span class='ocrx_word' id='word_1_97' title='bbox 633 1827 763 1885; x_wconf 87' lang='lat' dir='ltr'><strong>validum</strong></span> <span class='ocrx_word' id='word_1_98' title='bbox 790 1828 896 1887; x_wconf 83' lang='lat' dir='ltr'><strong>faciles</strong></span> <span class='ocrx_word' id='word_1_99' title='bbox 920 1828 1050 1901; x_wconf 90' lang='lat' dir='ltr'><strong>vidistis,</strong></span> <span class='ocrx_word' id='word_1_100' title='bbox 1073 1831 1173 1905; x_wconf 89' lang='lat' dir='ltr'><strong>amici,</strong></span> 
     </span>
     <span class='ocr_line' id='line_1_17' title="bbox 331 1912 1053 1986; baseline -0.003 -14"><span class='ocrx_word' id='word_1_101' title='bbox 331 1917 341 1935; x_wconf 69' lang='lat'>⁴</span> <span class='ocrx_word' id='word_1_102' title='bbox 386 1913 427 1972; x_wconf 86' lang='lat' dir='ltr'><strong>Et</strong></span> <span class='ocrx_word' id='word_1_103' title='bbox 449 1912 497 1969; x_wconf 92' lang='lat' dir='ltr'><strong>cui</strong></span> <span class='ocrx_word' id='word_1_104' title='bbox 519 1930 575 1969; x_wconf 89' lang='lat' dir='ltr'><strong>nec</strong></span> <span class='ocrx_word' id='word_1_105' title='bbox 599 1912 707 1971; x_wconf 91' lang='lat' dir='ltr'><strong>dubius</strong></span> <span class='ocrx_word' id='word_1_106' title='bbox 729 1914 860 1971; x_wconf 86' lang='lat' dir='ltr'><strong>tinxerat</strong></span> <span class='ocrx_word' id='word_1_107' title='bbox 880 1933 932 1971; x_wconf 90' lang='lat' dir='ltr'><strong>ora</strong></span> <span class='ocrx_word' id='word_1_108' title='bbox 956 1913 1053 1986; x_wconf 87' lang='lat' dir='ltr'><strong>color,</strong></span> 
     </span>
     <span class='ocr_line' id='line_1_18' title="bbox 343 1998 1145 2074; baseline -0.002 -16"><span class='ocrx_word' id='word_1_109' title='bbox 343 1999 434 2058; x_wconf 87' lang='lat' dir='ltr'><strong>Hunc</strong></span> <span class='ocrx_word' id='word_1_110' title='bbox 456 1998 581 2073; x_wconf 85' lang='lat' dir='ltr'><strong>inopina</strong></span> <span class='ocrx_word' id='word_1_111' title='bbox 603 1998 705 2056; x_wconf 90' lang='lat' dir='ltr'><strong>brevis</strong></span> <span class='ocrx_word' id='word_1_112' title='bbox 726 1998 805 2074; x_wconf 86' lang='lat' dir='ltr'><strong>rapit</strong></span> <span class='ocrx_word' id='word_1_113' title='bbox 824 1998 1017 2057; x_wconf 87' lang='lat' dir='ltr'><strong>inclementia</strong></span> <span class='ocrx_word' id='word_1_114' title='bbox 1035 2000 1145 2072; x_wconf 87' lang='lat' dir='ltr'><strong>morbi,</strong></span> 
     </span>
     <span class='ocr_line' id='line_1_19' title="bbox 296 2072 1157 2158; baseline 0 -15"><span class='ocrx_word' id='word_1_115' title='bbox 296 2072 301 2082; x_wconf 45' lang='lat'>⁸</span> <span class='ocrx_word' id='word_1_116' title='bbox 385 2075 486 2158; x_wconf 82' lang='lat' dir='ltr'><strong>Atque</strong></span> <span class='ocrx_word' id='word_1_117' title='bbox 509 2090 566 2156; x_wconf 89' lang='lat' dir='ltr'><strong>est,</strong></span> <span class='ocrx_word' id='word_1_118' title='bbox 589 2084 670 2157; x_wconf 88' lang='lat' dir='ltr'><strong>qnod</strong></span> <span class='ocrx_word' id='word_1_119' title='bbox 692 2083 804 2142; x_wconf 87' lang='lat' dir='ltr'><strong>feretro</strong></span> <span class='ocrx_word' id='word_1_120' title='bbox 824 2083 909 2142; x_wconf 89' lang='lat' dir='ltr'><strong>triste</strong></span> <span class='ocrx_word' id='word_1_121' title='bbox 929 2084 1045 2141; x_wconf 87' lang='lat' dir='ltr'><strong>levatur</strong></span> <span class='ocrx_word' id='word_1_122' title='bbox 1069 2103 1157 2143; x_wconf 87' lang='lat' dir='ltr'><strong>onus.</strong></span> 
     </span>
     <span class='ocr_line' id='line_1_20' title="bbox 336 2167 1032 2240; baseline 0 -14"><span class='ocrx_word' id='word_1_123' title='bbox 336 2167 372 2232; x_wconf 72' lang='grc' dir='ltr'>Ὀ</span> <span class='ocrx_word' id='word_1_124' title='bbox 394 2169 505 2228; x_wconf 86' lang='lat' dir='ltr'><strong>festina</strong></span> <span class='ocrx_word' id='word_1_125' title='bbox 525 2168 603 2240; x_wconf 87' lang='lat' dir='ltr'><strong>dies,</strong></span> <span class='ocrx_word' id='word_1_126' title='bbox 625 2189 643 2226; x_wconf 93' lang='lat' dir='ltr'><strong>o</strong></span> <span class='ocrx_word' id='word_1_127' title='bbox 668 2188 769 2226; x_wconf 92' lang='lat' dir='ltr'><strong>rerum</strong></span> <span class='ocrx_word' id='word_1_128' title='bbox 790 2169 922 2226; x_wconf 87' lang='lat' dir='ltr'><strong>lubricus</strong></span> <span class='ocrx_word' id='word_1_129' title='bbox 947 2168 1032 2226; x_wconf 89' lang='lat' dir='ltr'><strong>ordo.</strong></span> 
     </span>
     <span class='ocr_line' id='line_1_21' title="bbox 388 2253 1105 2331; baseline -0.004 -18"><span class='ocrx_word' id='word_1_130' title='bbox 388 2253 415 2313; x_wconf 95' lang='grc' dir='ltr'>Ο</span> <span class='ocrx_word' id='word_1_131' title='bbox 441 2253 565 2310; x_wconf 90' lang='lat' dir='ltr'><strong>nimium</strong></span> <span class='ocrx_word' id='word_1_132' title='bbox 589 2273 720 2328; x_wconf 91' lang='lat' dir='ltr'><strong>propero</strong></span> <span class='ocrx_word' id='word_1_133' title='bbox 742 2271 826 2312; x_wconf 84' lang='lat' dir='ltr'><strong>mors</strong></span> <span class='ocrx_word' id='word_1_134' title='bbox 850 2253 979 2311; x_wconf 88' lang='lat' dir='ltr'><strong>celerata</strong></span> <span class='ocrx_word' id='word_1_135' title='bbox 999 2253 1105 2331; x_wconf 85' lang='lat' dir='ltr'><strong>gradu.</strong></span> 
     </span>
     <span class='ocr_line' id='line_1_22' title="bbox 344 2338 1237 2416; baseline 0.004 -19"><span class='ocrx_word' id='word_1_136' title='bbox 344 2341 395 2398; x_wconf 91' lang='lat' dir='ltr'><strong>Me</strong></span> <span class='ocrx_word' id='word_1_137' title='bbox 413 2339 568 2410; x_wconf 84' lang='lat' dir='ltr'><strong>miserum,</strong></span> <span class='ocrx_word' id='word_1_138' title='bbox 589 2357 649 2412; x_wconf 90' lang='lat' dir='ltr'><strong>quo</strong></span> <span class='ocrx_word' id='word_1_139' title='bbox 672 2358 729 2397; x_wconf 92' lang='lat' dir='ltr'><strong>nos</strong></span> <span class='ocrx_word' id='word_1_140' title='bbox 751 2357 904 2412; x_wconf 86' lang='lat' dir='ltr'><strong>nunquam</strong></span> <span class='ocrx_word' id='word_1_141' title='bbox 928 2338 1059 2396; x_wconf 89' lang='lat' dir='ltr'><strong>rediture</strong></span> <span class='ocrx_word' id='word_1_142' title='bbox 1079 2339 1237 2416; x_wconf 89' lang='lat' dir='ltr'><strong>relinquis.</strong></span> 
     </span>
     <span class='ocr_line' id='line_1_23' title="bbox 386 2422 1087 2498; baseline 0.001 -17"><span class='ocrx_word' id='word_1_143' title='bbox 386 2422 454 2481; x_wconf 87' lang='lat' dir='ltr'><strong>Nec</strong></span> <span class='ocrx_word' id='word_1_144' title='bbox 477 2442 577 2497; x_wconf 90' lang='lat' dir='ltr'><strong>prece,</strong></span> <span class='ocrx_word' id='word_1_145' title='bbox 597 2423 698 2481; x_wconf 88' lang='lat' dir='ltr'><strong>votiva</strong></span> <span class='ocrx_word' id='word_1_146' title='bbox 717 2442 774 2481; x_wconf 90' lang='lat' dir='ltr'><strong>nec</strong></span> <span class='ocrx_word' id='word_1_147' title='bbox 794 2423 982 2482; x_wconf 87' lang='lat' dir='ltr'><strong>revocandus</strong></span> <span class='ocrx_word' id='word_1_148' title='bbox 1008 2425 1087 2498; x_wconf 78' lang='lat' dir='ltr'><strong>ope?</strong></span> 
     </span>
     <span class='ocr_line' id='line_1_24' title="bbox 345 2507 1034 2585; baseline -0.003 -19"><span class='ocrx_word' id='word_1_149' title='bbox 345 2508 392 2566; x_wconf 87' lang='lat' dir='ltr'><strong>Te</strong></span> <span class='ocrx_word' id='word_1_150' title='bbox 411 2509 543 2566; x_wconf 89' lang='lat' dir='ltr'><strong>retinent</strong></span> <span class='ocrx_word' id='word_1_151' title='bbox 563 2508 660 2565; x_wconf 86' lang='lat' dir='ltr'><strong>civem</strong></span> <span class='ocrx_word' id='word_1_152' title='bbox 682 2508 805 2585; x_wconf 82' lang='lat' dir='ltr'><strong>cognati</strong></span> <span class='ocrx_word' id='word_1_153' title='bbox 826 2509 927 2566; x_wconf 86' lang='lat' dir='ltr'><strong>sidera</strong></span> <span class='ocrx_word' id='word_1_154' title='bbox 948 2507 1034 2580; x_wconf 87' lang='lat' dir='ltr'><strong>caeli,</strong></span> 
     </span>
     <span class='ocr_line' id='line_1_25' title="bbox 388 2593 1034 2668; baseline -0.002 -16"><span class='ocrx_word' id='word_1_155' title='bbox 388 2593 428 2652; x_wconf 86' lang='lat' dir='ltr'><strong>Et</strong></span> <span class='ocrx_word' id='word_1_156' title='bbox 450 2612 512 2650; x_wconf 90' lang='lat' dir='ltr'><strong>non</strong></span> <span class='ocrx_word' id='word_1_157' title='bbox 532 2594 698 2651; x_wconf 82' lang='lat' dir='ltr'><strong>turbandae</strong></span> <span class='ocrx_word' id='word_1_158' title='bbox 718 2593 801 2668; x_wconf 86' lang='lat' dir='ltr'><strong>pacis</strong></span> <span class='ocrx_word' id='word_1_159' title='bbox 824 2593 920 2650; x_wconf 88' lang='lat' dir='ltr'><strong>amica</strong></span> <span class='ocrx_word' id='word_1_160' title='bbox 938 2593 1034 2667; x_wconf 74' lang='lat' dir='ltr'><strong>quies·</strong></span> 
     </span>
     <span class='ocr_line' id='line_1_26' title="bbox 345 2677 1158 2750; baseline -0.004 -11"><span class='ocrx_word' id='word_1_161' title='bbox 345 2679 414 2739; x_wconf 90' lang='lat' dir='ltr'><strong>Nos</strong></span> <span class='ocrx_word' id='word_1_162' title='bbox 437 2678 528 2735; x_wconf 87' lang='lat' dir='ltr'><strong>habet</strong></span> <span class='ocrx_word' id='word_1_163' title='bbox 548 2677 580 2734; x_wconf 91' lang='lat' dir='ltr'><strong>in</strong></span> <span class='ocrx_word' id='word_1_164' title='bbox 601 2679 703 2737; x_wconf 86' lang='lat' dir='ltr'><strong>varios</strong></span> <span class='ocrx_word' id='word_1_165' title='bbox 722 2697 822 2735; x_wconf 92' lang='lat' dir='ltr'><strong>rerum</strong></span> <span class='ocrx_word' id='word_1_166' title='bbox 845 2677 980 2735; x_wconf 87' lang='lat' dir='ltr'><strong>districta</strong></span> <span class='ocrx_word' id='word_1_167' title='bbox 1002 2679 1158 2750; x_wconf 83' lang='lat' dir='ltr'><strong>turnultus,</strong></span> 
     </span>
     <span class='ocr_line' id='line_1_27' title="bbox 386 2762 1022 2836; baseline 0 -16"><span class='ocrx_word' id='word_1_168' title='bbox 386 2763 482 2836; x_wconf 94' lang='lat' dir='ltr'><strong>Inque</strong></span> <span class='ocrx_word' id='word_1_169' title='bbox 505 2763 649 2820; x_wconf 89' lang='lat' dir='ltr'><strong>catenatis</strong></span> <span class='ocrx_word' id='word_1_170' title='bbox 675 2763 736 2821; x_wconf 89' lang='lat' dir='ltr'><strong>vita</strong></span> <span class='ocrx_word' id='word_1_171' title='bbox 756 2763 902 2820; x_wconf 86' lang='lat' dir='ltr'><strong>trahenda</strong></span> <span class='ocrx_word' id='word_1_172' title='bbox 923 2762 1022 2820; x_wconf 90' lang='lat' dir='ltr'><strong>malis.</strong></span> 
     </span>
     <span class='ocr_line' id='line_1_28' title="bbox 345 2847 1259 2922; baseline 0 -16"><span class='ocrx_word' id='word_1_173' title='bbox 345 2847 407 2906; x_wconf 89' lang='lat' dir='ltr'><strong>Hic</strong></span> <span class='ocrx_word' id='word_1_174' title='bbox 424 2847 476 2904; x_wconf 91' lang='lat' dir='ltr'><strong>ubi</strong></span> <span class='ocrx_word' id='word_1_175' title='bbox 498 2865 555 2903; x_wconf 90' lang='lat' dir='ltr'><strong>nec</strong></span> <span class='ocrx_word' id='word_1_176' title='bbox 572 2847 704 2921; x_wconf 90' lang='lat' dir='ltr'><strong>requies,</strong></span> <span class='ocrx_word' id='word_1_177' title='bbox 727 2866 784 2905; x_wconf 92' lang='lat' dir='ltr'><strong>nec</strong></span> <span class='ocrx_word' id='word_1_178' title='bbox 803 2867 879 2922; x_wconf 88' lang='lat' dir='ltr'><strong>quae</strong></span> <span class='ocrx_word' id='word_1_179' title='bbox 896 2848 954 2906; x_wconf 92' lang='lat' dir='ltr'><strong>sibi</strong></span> <span class='ocrx_word' id='word_1_180' title='bbox 969 2848 1096 2922; x_wconf 90' lang='lat' dir='ltr'><strong>quisque</strong></span> <span class='ocrx_word' id='word_1_181' title='bbox 1109 2855 1259 2922; x_wconf 89' lang='lat' dir='ltr'><strong>precatur,</strong></span> 
     </span>
     <span class='ocr_line' id='line_1_29' title="bbox 389 2931 1050 3006; baseline -0.006 -14"><span class='ocrx_word' id='word_1_182' title='bbox 389 2931 604 3006; x_wconf 87' lang='lat' dir='ltr'><strong>Sollicitaeque</strong></span> <span class='ocrx_word' id='word_1_183' title='bbox 623 2933 726 2991; x_wconf 83' lang='lat' dir='ltr'><strong>levant</strong></span> <span class='ocrx_word' id='word_1_184' title='bbox 747 2933 809 2992; x_wconf 86' lang='lat' dir='ltr'><strong>otia</strong></span> <span class='ocrx_word' id='word_1_185' title='bbox 829 2933 939 2990; x_wconf 90' lang='lat' dir='ltr'><strong>mentis</strong></span> <span class='ocrx_word' id='word_1_186' title='bbox 962 2951 1050 2991; x_wconf 88' lang='lat' dir='ltr'><strong>onus.</strong></span> 
     </span>
     <span class='ocr_line' id='line_1_30' title="bbox 347 3017 1012 3092; baseline -0.005 -15"><span class='ocrx_word' id='word_1_187' title='bbox 347 3018 419 3078; x_wconf 87' lang='lat' dir='ltr'><strong>Otia</strong></span> <span class='ocrx_word' id='word_1_188' title='bbox 440 3017 595 3075; x_wconf 91' lang='lat' dir='ltr'><strong>Pieridum</strong></span> <span class='ocrx_word' id='word_1_189' title='bbox 618 3017 712 3076; x_wconf 87' lang='lat' dir='ltr'><strong>sacris</strong></span> <span class='ocrx_word' id='word_1_190' title='bbox 735 3019 908 3077; x_wconf 87' lang='lat' dir='ltr'><strong>secessibus</strong></span> <span class='ocrx_word' id='word_1_191' title='bbox 932 3025 1012 3092; x_wconf 85' lang='lat' dir='ltr'><strong>apta,</strong></span> 
     </span>
     <span class='ocr_line' id='line_1_31' title="bbox 389 3097 1004 3179; baseline -0.005 -16"><span class='ocrx_word' id='word_1_192' title='bbox 389 3103 461 3164; x_wconf 87' lang='lat' dir='ltr'><strong>Otia</strong></span> <span class='ocrx_word' id='word_1_193' title='bbox 483 3097 654 3162; x_wconf 89' lang='lat' dir='ltr'><strong>numinibus</strong></span> <span class='ocrx_word' id='word_1_194' title='bbox 675 3122 795 3179; x_wconf 87' lang='lat' dir='ltr'><strong>semper</strong></span> <span class='ocrx_word' id='word_1_195' title='bbox 815 3111 913 3160; x_wconf 89' lang='lat' dir='ltr'><strong>amata</strong></span> <span class='ocrx_word' id='word_1_196' title='bbox 934 3102 1004 3162; x_wconf 88' lang='lat' dir='ltr'><strong>tuis.</strong></span> 
     </span>
     <span class='ocr_line' id='line_1_32' title="bbox 346 3187 1100 3263; baseline -0.003 -17"><span class='ocrx_word' id='word_1_197' title='bbox 346 3189 407 3247; x_wconf 90' lang='lat' dir='ltr'><strong>Pro</strong></span> <span class='ocrx_word' id='word_1_198' title='bbox 430 3189 538 3263; x_wconf 89' lang='lat' dir='ltr'><strong>quibus</strong></span> <span class='ocrx_word' id='word_1_199' title='bbox 561 3189 668 3246; x_wconf 91' lang='lat' dir='ltr'><strong>insano</strong></span> <span class='ocrx_word' id='word_1_200' title='bbox 688 3189 817 3247; x_wconf 90' lang='lat' dir='ltr'><strong>reboant</strong></span> <span class='ocrx_word' id='word_1_201' title='bbox 838 3187 994 3246; x_wconf 90' lang='lat' dir='ltr'><strong>molimine</strong></span> <span class='ocrx_word' id='word_1_202' title='bbox 1016 3187 1100 3259; x_wconf 89' lang='lat' dir='ltr'><strong>lites,</strong></span> 
     </span>
     <span class='ocr_line' id='line_1_33' title="bbox 389 3270 1083 3348; baseline -0.007 -14"><span class='ocrx_word' id='word_1_203' title='bbox 389 3276 430 3334; x_wconf 86' lang='lat' dir='ltr'><strong>Et</strong></span> <span class='ocrx_word' id='word_1_204' title='bbox 452 3275 566 3332; x_wconf 88' lang='lat' dir='ltr'><strong>clamor</strong></span> <span class='ocrx_word' id='word_1_205' title='bbox 588 3275 716 3348; x_wconf 88' lang='lat' dir='ltr'><strong>streperi</strong></span> <span class='ocrx_word' id='word_1_206' title='bbox 737 3282 825 3332; x_wconf 90' lang='lat' dir='ltr'><strong>natus</strong></span> <span class='ocrx_word' id='word_1_207' title='bbox 846 3274 885 3330; x_wconf 84' lang='lat' dir='ltr'><strong>ad</strong></span> <span class='ocrx_word' id='word_1_208' title='bbox 904 3291 987 3330; x_wconf 89' lang='lat' dir='ltr'><strong>arma</strong></span> <span class='ocrx_word' id='word_1_209' title='bbox 1008 3270 1083 3331; x_wconf 82' lang='lat' dir='ltr'><strong>fori:</strong></span> 
     </span>
     <span class='ocr_line' id='line_1_34' title="bbox 347 3354 1194 3433; baseline -0.005 -17"><span class='ocrx_word' id='word_1_210' title='bbox 347 3358 407 3432; x_wconf 81' lang='lat' dir='ltr'><strong>Qui</strong></span> <span class='ocrx_word' id='word_1_211' title='bbox 428 3358 534 3433; x_wconf 89' lang='lat' dir='ltr'><strong>procul</strong></span> <span class='ocrx_word' id='word_1_212' title='bbox 555 3359 692 3418; x_wconf 90' lang='lat' dir='ltr'><strong>Aonidas</strong></span> <span class='ocrx_word' id='word_1_213' title='bbox 714 3359 870 3417; x_wconf 91' lang='lat' dir='ltr'><strong>hominum</strong></span> <span class='ocrx_word' id='word_1_214' title='bbox 897 3358 934 3415; x_wconf 94' lang='lat' dir='ltr'><strong>de</strong></span> <span class='ocrx_word' id='word_1_215' title='bbox 957 3366 1057 3416; x_wconf 90' lang='lat' dir='ltr'><strong>mente</strong></span> <span class='ocrx_word' id='word_1_216' title='bbox 1078 3354 1194 3432; x_wconf 88' lang='lat' dir='ltr'><strong>fugavit</strong></span> 
     </span>
     <span class='ocr_line' id='line_1_35' title="bbox 389 3444 990 3503; baseline 0.003 -3"><span class='ocrx_word' id='word_1_217' title='bbox 389 3444 547 3503; x_wconf 89' lang='lat' dir='ltr'><strong>Instillans</strong></span> <span class='ocrx_word' id='word_1_218' title='bbox 565 3444 640 3502; x_wconf 93' lang='lat' dir='ltr'><strong>lucri</strong></span> <span class='ocrx_word' id='word_1_219' title='bbox 662 3444 773 3502; x_wconf 87' lang='lat' dir='ltr'><strong>blanda</strong></span> <span class='ocrx_word' id='word_1_220' title='bbox 792 3463 909 3502; x_wconf 88' lang='lat' dir='ltr'><strong>venena</strong></span> <span class='ocrx_word' id='word_1_221' title='bbox 929 3444 990 3502; x_wconf 84' lang='lat' dir='ltr'><strong>sui:</strong></span> 
     </span>
     <span class='ocr_line' id='line_1_36' title="bbox 346 3528 1055 3607; baseline -0.003 -21"><span class='ocrx_word' id='word_1_222' title='bbox 346 3528 551 3604; x_wconf 86' lang='lat' dir='ltr'><strong>Ingennisque</strong></span> <span class='ocrx_word' id='word_1_223' title='bbox 569 3529 677 3588; x_wconf 86' lang='lat' dir='ltr'><strong>animis</strong></span> <span class='ocrx_word' id='word_1_224' title='bbox 696 3531 821 3607; x_wconf 83' lang='lat' dir='ltr'><strong>ignavas</strong></span> <span class='ocrx_word' id='word_1_225' title='bbox 844 3528 947 3588; x_wconf 87' lang='lat' dir='ltr'><strong>obiicit</strong></span> <span class='ocrx_word' id='word_1_226' title='bbox 964 3535 1055 3598; x_wconf 90' lang='lat' dir='ltr'><strong>artes,</strong></span> 
     </span>
     <span class='ocr_line' id='line_1_37' title="bbox 391 3610 1175 3686; baseline -0.005 -14"><span class='ocrx_word' id='word_1_227' title='bbox 391 3610 492 3686; x_wconf 82' lang='lat' dir='ltr'><strong>Seque</strong></span> <span class='ocrx_word' id='word_1_228' title='bbox 514 3631 628 3673; x_wconf 87' lang='lat' dir='ltr'><strong>vocans</strong></span> <span class='ocrx_word' id='word_1_229' title='bbox 651 3614 774 3674; x_wconf 89' lang='lat' dir='ltr'><strong>humilis</strong></span> <span class='ocrx_word' id='word_1_230' title='bbox 799 3615 931 3672; x_wconf 86' lang='lat' dir='ltr'><strong>earmina</strong></span> <span class='ocrx_word' id='word_1_231' title='bbox 956 3611 1066 3668; x_wconf 87' lang='lat' dir='ltr'><strong>mentis</strong></span> <span class='ocrx_word' id='word_1_232' title='bbox 1088 3627 1175 3686; x_wconf 86' lang='lat' dir='ltr'><strong>opus.</strong></span> 
     </span>
     <span class='ocr_line' id='line_1_38' title="bbox 347 3693 1098 3772; baseline -0.007 -16"><span class='ocrx_word' id='word_1_233' title='bbox 347 3697 429 3756; x_wconf 90' lang='lat' dir='ltr'><strong>Hinc</strong></span> <span class='ocrx_word' id='word_1_234' title='bbox 451 3696 575 3771; x_wconf 86' lang='lat' dir='ltr'><strong>spinosa</strong></span> <span class='ocrx_word' id='word_1_235' title='bbox 593 3699 657 3758; x_wconf 88' lang='lat' dir='ltr'><strong>suis</strong></span> <span class='ocrx_word' id='word_1_236' title='bbox 680 3706 794 3758; x_wconf 86' lang='lat' dir='ltr'><strong>armata</strong></span> <span class='ocrx_word' id='word_1_237' title='bbox 816 3696 988 3772; x_wconf 86' lang='lat' dir='ltr'><strong>Sophistica</strong></span> <span class='ocrx_word' id='word_1_238' title='bbox 1010 3693 1098 3771; x_wconf 87' lang='lat' dir='ltr'><strong>nugis</strong></span> 
     </span>
    </p>
   </div>
   <div class='ocr_carea' id='block_1_4' title="bbox 0 0 1544 4492">
    <p class='ocr_par' dir='ltr' id='par_1_4' title="bbox 0 0 1544 4492">
     <span class='ocr_line' id='line_1_39' title="bbox 0 0 1544 4492; baseline 0 0"><span class='ocrx_word' id='word_1_239' title='bbox 0 0 1544 4492; x_wconf 95' lang='lat' dir='ltr'><strong> </strong></span> 
     </span>
    </p>
   </div>
  </div>
 </body>
</html>
