3059 4492
692 493 729 552 sl
765 581 790 587 --

177 715 187 734 ,
253 661 321 719 Nec
343 661 408 718 ulla
427 661 519 720 surdo
543 661 659 738 plectra
679 664 828 722 movimus
853 663 984 722 Phoebo.

253 750 294 806 At
315 764 396 803 nunc
417 746 528 804 doloso
549 747 671 804 flamma
688 749 797 807 Martis
819 748 919 806 insani

255 832 414 908 Supposta
437 831 540 902 cineri,
562 851 710 908 quamque
730 833 816 909 pacis
840 840 974 891 armatae

253 916 365 976 Fallax
387 915 488 973 alebat
510 916 621 990 vultus,
640 927 674 975 ut
693 919 779 994 prius
803 917 903 976 stultis

255 1001 335 1078 Spes
358 1002 540 1078 suggerebat
561 999 666 1061 Suada
683 1003 821 1062 credulas
844 1001 954 1075 Gallis,

253 1085 454 1146 Exsuscitate
473 1087 567 1144 fulsit.
589 1087 673 1144 ilicet
691 1107 833 1165 magnam

254 1171 386 1248 Inopina
406 1171 521 1229 cunctis
539 1173 664 1230 urbibus
686 1174 770 1230 dedit
791 1183 932 1250 stragem.

255 1257 345 1316 Unde
368 1255 558 1314 administrat
581 1276 673 1316 saeva
696 1258 829 1334 Erinnys
853 1259 993 1316 ardentes

254 1341 464 1400 lucendiorum
490 1341 584 1399 civico
601 1343 686 1401 faces
707 1342 800 1401 bello.

255 1426 356 1499 Quare
378 1434 460 1484 metu
481 1427 627 1500 deiectus,
648 1427 763 1486 obsitus
786 1428 879 1499 luctu,

255 1516 391 1583 Atratus,
413 1530 538 1587 exspes,
557 1512 589 1568 in
613 1520 695 1570 tuum
719 1513 819 1570 sinum
839 1511 903 1588 fugi

257 1597 422 1672 [Genev]a‚
446 1615 523 1672 qnae
547 1615 594 1653 me
616 1598 736 1672 patriae
758 1597 877 1655 exulem
902 1605 1001 1656 terrac

256 1682 375 1738 Blanda
393 1690 482 1756 atque
505 1682 603 1739 amica
624 1683 749 1739 caritate
773 1681 883 1740 fovisti.

255 1769 334 1844 Ergo
357 1766 411 1824 ille
432 1767 547 1841 primus
570 1767 669 1839 ardor,
691 1768 744 1824 ille
766 1776 913 1844 cognatus

254 1851 347 1910 Nitor
365 1850 516 1910 obsolevit
536 1852 646 1910 mentis
669 1853 708 1909 ad
729 1860 827 1911 metus
850 1853 931 1923 illos,

255 1937 393 2008 Melisse‚
417 1937 515 2011 qualis
537 1938 577 1993 ad
600 1935 764 1995 Caniculae
781 1939 880 1995 tabem

257 2023 365 2082 Omnis
386 2021 457 2080 silet
476 2023 550 2093 flos3
572 2031 603 2078 et
625 2030 727 2081 tamen
749 2023 809 2081 tuis
834 2021 953 2097 scriptis

256 2108 343 2165 Vires
365 2106 492 2182 recepit,
514 2107 613 2180 qualis
632 2108 779 2166 imbribus
803 2108 879 2165 seris

257 2192 352 2270 Seges
374 2192 493 2249 renidet
513 2210 620 2268 aegras
642 2211 720 2267 quae
742 2194 792 2250 diu
813 2193 970 2268 languens.

255 2279 382 2336 Frustra
402 2277 505 2335 coloni
529 2296 616 2352 spem
639 2280 758 2355 sagacis
783 2277 882 2336 elusit.

256 2362 341 2435 Quod
360 2363 457 2436 siquis
481 2361 560 2421 ullas
584 2363 682 2426 fomes
705 2363 787 2422 ullus
810 2363 840 2420 in
864 2361 952 2419 nobis

255 2448 386 2506 Resides
407 2447 519 2523 sepulti
537 2447 615 2504 celat
631 2449 745 2525 ingenii
770 2449 923 2517 flammas;

256 2533 364 2592 Totum
385 2533 444 2590 hoc
466 2532 521 2589 tibi
543 2533 637 2605 ardet,
657 2535 715 2592 hoc
737 2533 791 2592 tibi
813 2531 982 2590 reviviscit:

257 2618 365 2676 Totum
386 2618 446 2674 hoc
468 2618 580 2675 amoris
602 2637 677 2676 aura
698 2619 826 2676 ventilat
848 2617 950 2675 vestri.

605 2789 654 2845 30.
699 2791 815 2846 Eidem.

256 2871 375 2943 Panlle,
398 2879 555 2946 poetarum
573 2872 620 2928 cui
640 2874 747 2947 doctis
759 2872 917 2932 frondibus
941 2873 1070 2931 haerens

297 2954 402 3015 Oinxit
422 2957 597 3015 honoratum
619 2958 725 3016 laurea
747 2967 829 3017 serta
852 2965 950 3034 caput,

164 3040 165 3097 l
256 3041 337 3114 Quid
356 3041 445 3113 facis,
470 3062 487 3099 ο
510 3042 616 3100 vates?
636 3045 745 3118 quibus
768 3044 867 3120 exigis
888 3044 950 3102 otia
972 3044 1092 3103 musis?

296 3129 360 3187 Aut
378 3127 488 3202 quibus
509 3127 539 3184 in
565 3129 672 3188 studiis
696 3129 810 3186 fallitur
832 3129 904 3186 hora
926 3128 1001 3188 tibi?

256 3215 458 3284 An,=teneras
480 3212 615 3271 mulcens
636 3214 759 3289 liquidis
782 3214 955 3272 accentibus
979 3233 1080 3286 auras,

297 3297 419 3354 Musica
437 3317 496 3354 non
516 3317 576 3354 uno
598 3298 708 3356 dividis
732 3318 804 3357 orsa
828 3307 915 3370 ton03

257 3381 297 3440 Ut
314 3390 345 3439 te
366 3382 491 3438 miretur
511 3383 717 3441 modulantem
739 3384 866 3460 lympha
886 3383 1019 3442 Deorum

295 3467 435 3539 Rhenus,
453 3477 483 3524 et
503 3469 659 3527 exsultans
681 3469 778 3526 altera
797 3470 930 3545 nympha
948 3467 1063 3526 Nicer?

256 3555 344 3609 Anne
365 3551 559 3611 Palaestinas
581 3572 746 3612 numeroso
769 3553 900 3610 carmine
922 3573 1025 3613 musas

299 3635 426 3695 Solvere
448 3638 624 3698 Teutonicis
644 3659 696 3696 ora
717 3640 831 3697 diserta
852 3639 951 3699 modis

256 3720 419 3782 Instituis?
439 3723 528 3782 Felix
545 3723 650 3797 animi,
671 3725 810 3799 vitaeque
832 3725 950 3799 beatae,
