3059 4492
670 494 821 592 Q-

288 657 478 744 Δημοβόροι.
503 659 576 726 Διὸς
599 657 783 743 ἐγκέφαλος.
812 657 916 724 Πλέον
937 659 1032 744 ἥμισυ
1054 660 1179 731 παντός.

288 742 444 811 Διοπετές.
467 739 510 806 Τδ
533 743 590 827 γὰρ
613 740 648 805 εὖ
671 744 738 826 μέτ’
760 745 777 807 ἐ
801 748 849 808 οδ.
875 742 1160 852 Περιαυτολογῖρααι

287 831 340 898 Δίς
359 829 413 891 καὶ
432 829 495 910 τρὶς
515 829 549 891 τὸ
573 828 680 891 καλὸν.
695 771 828 914 Ῥεχθδν
853 827 888 892 δέ
908 851 941 894 τε
965 830 1072 912 νήπιος
1092 853 1183 913 εηνω.

287 915 340 982 Δὶς
360 913 484 1060 κράμρρη
511 912 655 980 θάνατος.
678 910 784 976 Κόκκυ
806 915 910 997 ψωλοί
928 914 1083 977 πεδίονδε.
1132 954 1136 963 ·

286 1000 422 1065 Διπλοῦν
477 998 574 1060 άππα.
598 993 622 1059 Τ
625 998 641 1061 δ
663 993 834 1061 Βοιώτειον
856 997 896 1080 μό
939 1021 974 1067 ος
996 998 1105 1062 άειδει.

286 1080 483 1166 Δουλότερος
504 1086 557 1164 τῆς
574 1079 749 1166 Μεσσήνης.
772 1079 910 1146 Εόνασαι
946 1105 961 1145 ν
984 1081 1084 1168 ὅλμῳ.

286 1165 426 1250 Δοόρεος
443 1166 543 1234 ἵππος.
562 1165 648 1230 Ἀνω
672 1172 831 1250 ποταμῶν.
854 1163 914 1230 Τδν
934 1163 1052 1230 ἔνυικον
1073 1165 1199 1251 ἔπηλυς.

286 1252 445 1333 Δωδώνης
482 1253 614 1314 αλκεῐον.
638 1249 713 1318 Ἀπ’
736 1250 848 1319 οὔατος
869 1250 998 1333 ἄγγελος
1017 1249 1115 1316 ἔλθοι.

286 1339 417 1402 Δώσων.
468 1335 660 1415 λουθυγίεια.
682 1331 724 1399 Τὸ
744 1335 944 1421 κωλακρέτου
963 1336 1046 1418 γάλα
1063 1337 1171 1401 πίνειν.

284 1419 325 1488 Εἴ
346 1419 537 1502 Φρυνώνδας
559 1418 664 1488 ἄλλος.
680 1418 869 1502 Ὑπηνέμιον
891 1418 993 1483 τέτυκ’
1019 1419 1092 1484 ώόν.

284 1503 376 1572 Εἷδεν
399 1508 459 1586 πῦρ
481 1504 577 1588 άφόη.
622 1503 807 1568 Σπεόδουαα
829 1504 911 1568 κύων
935 1504 1037 1588 τυφλὰ
1058 1506 1159 1570 τίκτει.

284 1588 441 1672 Εἰδεχθὴς
462 1585 633 1672 Κορυθεδς.
654 1586 798 1670 Πόλεμος
817 1590 852 1651 δὲ
874 1586 999 1653 Κόνωνι
1023 1590 1162 1673 μελήσει.

284 1673 364 1756 Είκή
386 1679 431 1757 τῷ
443 1671 603 1756 Ἡρακλεῖ.
621 1673 764 1757 Ἀεργοῖς
786 1674 850 1736 αἰὲν
873 1674 977 1779 ἑορτή.

283 1756 399 1840 Είματ’
422 1757 519 1841 ἀνήρ..
543 1754 609 1820 Oba
627 1759 659 1820 ἐν
683 1756 786 1840 πολέμ
839 1757 883 1826 δὶς
905 1781 1018 1822 ενεατιν
1040 1759 1198 1844 ἁμαρτεῖν.

282 1841 356 1924 Εἰμὶ
377 1841 467 1910 πόλις
488 1840 613 1926 Πιτάνη.
636 1843 776 1925 Δελφῖνα
788 1783 924 1905 δίδασκε
943 1845 1045 1926 κολυμ
1066 1848 1114 1927 ᾄν.

283 1925 336 1994 Εἰς
360 1925 430 1988 δέον
455 1925 612 2008 ἀνήλωσα.
638 1926 740 2031 Θόραν
766 1925 816 1988 ἐπὶ
840 1928 952 1990 σαυτδν
974 1928 1112 1996 ἀνοίαις.

282 2009 337 2078 Εἰς
356 2011 462 2073 πεδίον
486 2012 544 2073 τδν.
558 2011 669 2075 Λυδὸν.
698 2009 928 2095 Αχρειόηελιυς.
958 2010 1175 2096 Γλυκίιπικρος.

282 2094 336 2163 Εἰς
354 2097 408 2178 τήν
429 2093 556 2178 γαστέρ)
580 2095 777 2159 ἐνάλλεσθαι.
803 2094 910 2176 Στόμα
932 2096 1197 2180 δωδεκάκρουνον.

281 2177 336 2248 Εἰς
361 2181 477 2261 φάτνας
497 2179 639 2266 ἀρχαίας.
654 2179 840 2265 Ἀρτεμιςή
864 2178 1008 2263 Παναηαί
1028 2225 1036 2242 .

279 2263 335 2329 Ἐκ
355 2265 499 2347 καλάμης
516 2268 640 2346 γνῶναι.
660 2264 723 2328 Καὶ
745 2264 889 2350 βαίτυλυν
911 2262 948 2327 άν
970 2264 1156 2333 καταπίνοις.

278 2348 334 2414 Ἐκ
357 2349 448 2431 μυίας
470 2347 635 2432 ἐλέφαντα.
657 2348 752 2434 Μάχη
777 2348 854 2431 μετὰ
876 2349 928 2432 τὴν
952 2347 1159 2432 Μαραθῶνος.

280 2431 465 2519 Ἐμβάλλειν
489 2434 611 2517 ψαλίον.
631 2430 678 2517 Τῇ
698 2434 790 2517 πείρᾳ
808 2435 907 2496 πάντα
929 2436 1070 2497 τελεῖται.

278 2517 438 2604 Ἐμβαρος
461 2518 532 2601 εἰμί.
555 2515 633 2582 Βίου
656 2519 812 2601 σπιθαμὴν
833 2519 910 2600 πρδς
932 2517 1047 2601 ἄνηθον
1071 2517 1196 2582 ἀείδων.

280 2601 475 2686 Ἐμπροσθεν
496 2606 636 2686 κρήμνυι,
659 2603 765 2666 ὄπιθεν
791 2601 888 2665 λόκοι.
913 2599 1031 2686 Ὄλμυς
1052 2603 1196 2686 ἄτολμος.

280 2685 331 2751 Ἐν
355 2688 501 2770 μακάρων
523 2687 627 2770 νήσοις
652 2687 776 2770 διάγων.
799 2686 960 2770 Αθίάνομ’
985 2688 1119 2751 ἀκούων.

281 2770 332 2836 Ἐν
354 2770 453 2854 μέλιτι
480 2773 591 2836 σαυτὸν
614 2773 825 2839 καταπάτεεις.
848 2769 950 2856 Γραῦς
971 2772 1105 2856 άναθυηῖ.

280 2854 332 2920 Ἐν
355 2855 518 2940 πορθμείῳ
542 2853 624 2941 ἔχων
647 2857 750 2940 ἕτερον
772 2855 865 2918 πόδα.
895 2854 1154 2942 Τυμβογίροντες.

272 2938 331 3004 ,Ἐν
357 2939 472 3024 σταδίῳ
493 2940 618 3026 δολιχὸν
637 2945 746 3024 ζητεῖς.
770 2938 929 3023 Αίλουρον
948 2939 1082 3026 Ἀθηνᾷ.

280 3022 331 3088 Ἐν
351 3023 466 3109 τριόδῳ
488 3024 610 3107 ἕστηκα.
632 3023 747 3089 Βαλὼν
773 3024 833 3088 οίει
853 3024 1032 3109 φεύξεσθαι.

281 3105 473 3191 Ἐνδόσιμον.
494 3107 670 3192 Θνητών.δ’
695 3107 759 3174 ἔστ’
786 3109 890 3194 ὄλβιος
912 3110 955 3178 είς
974 3108 1063 3178 τέλος
1084 3109 1195 3178 οὐδείς.

280 3190 420 3276 Ἐργίνου
444 3194 560 3255 πολιαὶ.
584 3193 820 3279 Φειδωλότερος
835 3193 1045 3276 Πατροκλῆος.

280 3274 414 3345 Ἐσθλὸς
432 3279 483 3340 καὶ
501 3277 595 3347 κακός
618 3279 708 3342 ἐστιν.
732 3275 804 3342 Ἐπὶ
827 3279 919 3362 Eupo&
944 3278 1063 3340 ίαταται
1086 3277 1195 3360 ἀκμῆς.

284 3359 365 3444 Εὗρε
387 3361 461 3429 θεός
481 3364 532 3425 τδν
549 3364 683 3448 ἀλιτρδν.
700 3363 817 3447 ’Άκρον
834 3363 923 3446 λαβὲ,
935 3363 986 3425 καὶ
998 3360 1091 3444 μέσον
1108 3361 1195 3431 ἕξεις.

284 3443 381 3530 Εὗρεν
403 3448 419 3510 ό
443 3443 492 3509 Πα
512 3447 613 3531 νοίτης
634 3446 757 3532 ὀβολόν.
782 3444 898 3512 Κάκιον
919 3444 1025 3530 Βάβυς
1048 3445 1148 3510 αὐλεῖ.

284 3525 470 3615 Εὐρυβάται.
492 3470 670 3616 Πέρκωττες.
690 3531 761 3596 Ἀεὶ
782 3531 923 3613 πολέμου
942 3531 1017 3593 κενὰ
1036 3531 1148 3596 πολλά.

284 3609 455 3699 Εὐρυκλῆς.
479 3614 626 3679 Πεινῶντι
647 3619 734 3700 λαγῷ
755 3617 808 3679 καὶ
830 3620 916 3678 σῦκα.
927 3617 1126 3684 πλακοῦντες.

285 3693 453 3783 Εόρυμνος.
477 3697 649 3786 Μοχθηρδς
668 3702 744 3786 ὑπὲρ
767 3703 818 3765 τδν
844 3699 1016 3785 ὑπίρβολον
1039 3699 1112 3764 ἐστί.

947 3800 993 3860 90
