3059 4492
1261 503 1467 596 —1—25

666 668 1014 752 Παροιμίας
1057 668 1164 750 μὲν
1208 665 1384 753 ἔργον
1431 667 1559 732 ἔστι
1598 668 1912 749 συλλέγειν

663 750 790 817 Καὶ
828 757 952 814 τῶν
993 751 1330 836 τυχόντων·
1381 753 1649 836 ἐκλέγειν
1696 753 1786 828 δὲ,
1833 758 1951 815 τῶν
1996 760 2231 838 σοφῶν.

1106 917 1266 983 Ἀπὸ
1316 921 1687 1006 ἑξαμέτρων.

491 1006 564 1071 ‘A
608 1004 1073 1091 φιλοχρηματία
1119 1003 1402 1089 Σπάρταν
1450 1006 1609 1080 ἕλοι,
1657 1005 1811 1068 ἄλλο
1864 1007 1933 1069 δὲ
1977 1007 2179 1071 οὐδέν.

493 1092 729 1155 Ἀέτιον
774 1095 969 1172 γῆρας
1015 1089 1282 1172 κορύδ,ου
1328 1089 1617 1172 νεότητος
1657 1090 1928 1172 ἄμεινον.

498 1177 681 1258 Αἰγὸς
725 1174 1134 1258 ἐπιπρητῆνος
1175 1174 1441 1256 ἐρυθροῦ
1489 1177 1655 1258 πήρη
1707 1175 1944 1258 ἀρίστη.

500 1261 704 1327 Αἰδὼς
750 1258 864 1321 οὐκ
903 1257 1106 1341 ἀγαθὴ
1153 1258 1520 1343 κεχρημένῳ
1556 1261 1729 1342 ἀνδρὶ
1772 1261 2057 1344 παρίκτῃ.

502 1348 630 1410 Ate}
674 1342 739 1406 δ’
793 1344 966 1425 ἀνδρὶ
1009 1342 1251 1423 γέροντι
1298 1343 1439 1406 νέαν
1481 1346 1856 1428 ποτιβοὶλλεο
1905 1345 2156 1428 κούραν.

499 1432 629 1494 Α’ἰεὶ
673 1427 1008 1490 τοιούτοισι
1057 1427 1394 1509 διωκοίμην
1439 1427 1785 1509 πολέμοισι.

501 1515 607 1585 Αἲξ
657 1511 836 1575 οὔπω
872 1511 1137 1587 τέτοκεν,
1187 1509 1399 1595 ἔριφος
1445 1513 1495 1575 δ’
1548 1513 1644 1575 ἐπὶ
1691 1515 1949 1596 δώματα
1993 1515 2215 1585 παίζει.

501 1597 768 1684 Αἰσχρόν
819 1619 911 1657 τοι
953 1595 1140 1679 δηρόν
1188 1618 1253 1657 τε
1296 1595 1521 1678 μένειν,
1561 1597 1770 1661 κενεόν
1816 1621 1881 1661 τε
1925 1598 2193 1662 νέεσθαι.

490 1683 783 1766 Ἀκλητοι
821 1681 1015 1742 δειλοὶ
1062 1680 1312 1760 ἀγαθῶν
1359 1682 1456 1744 ἐπὶ
1500 1683 1710 1750 δαῖτας
1754 1682 1900 1745 ἴασι.

494 1768 726 1852 Ἀκμὴν
775 1763 1071 1847 ἑπταέτης
1119 1765 1203 1826 ὢν
1253 1764 1366 1830 οὐκ
1412 1765 1720 1851 ἀνέφυσεν
1765 1767 2039 1836 ὀδόντας.

495 1851 691 1917 Ἀλλά
737 1873 809 1932 γε
849 1850 1032 1911 σιτίον
1080 1848 1150 1910 ἐκ
1187 1848 1478 1933 καθαρῶν
1530 1852 1781 1956 ἀχύρων
1826 1852 2214 1935 τετρύγηκας.

495 1937 689 2002 Ἀλλὰ
734 1938 1126 2019 προσωπεῖον
1172 1934 1280 2016 μὲν
1324 1933 1508 2019 ἔχεις,
1553 1958 1751 2015 γυναι,
1794 1936 1865 1998 οὐ
1915 1936 2322 2019 ὶπρόσιυπον.

494 2023 755 2086 Ἀλλοτε
801 2019 855 2082 δ’
905 2019 1157 2081 ἀλλοῖον
1201 2018 1472 2083 τελέθειν
1519 2021 1621 2082 καὶ
1665 2023 1845 2104 χώρᾳ
1917 2021 2164 2083 πεσθαι.

491 2107 752 2171 Ἀλλοτε
798 2104 1057 2188 μητρυιὴ
1105 2102 1282 2166 πέλει
1327 2104 1555 2189 ἡμέρη,
1604 2103 1829 2167 ἄλλοτε
1872 2103 2091 2208 μήτηρ.

499 2190 672 2255 Ἀλλ’
724 2189 906 2251 οὐδὲν
948 2189 1089 2271 περὶ
1131 2189 1233 2250 τὸν
1282 2190 1492 2274 βωμὸν
1543 2192 1643 2252 δεῖ
1676 2188 1783 2257 τὰς
1827 2188 2114 2258 ἐπινοιας.

495 2273 673 2340 Ἀλλ’
714 2274 832 2335 ὑπὸ
860 2275 1055 2334 παντὶ
1095 2272 1250 2358 λίθῳ
1290 2275 1392 2336 καὶ
1435 2276 1623 2358 βώλῳ
1668 2274 1956 2355 σκορπίος
1999 2273 2188 2337 εὕδει.

498 2358 876 2444 Ἀνδροίποδ’
904 2357 973 2418 ἐκ
1014 2357 1306 2440 Φρυγίης,
1353 2358 1422 2420 ἐκ
1462 2358 1522 2421 δ’
1560 2357 1894 2441 Ἀρκαδίης
1937 2358 2324 2444 ἐπικούρους.

497 2445 706 2528 Ἀνδρὶ
753 2440 1085 2527 Γεφυραίῳ
1132 2441 1299 2510 οἶκος
1347 2443 1546 2527 φίλος,
1589 2443 1757 2510 οἶκος
1794 2441 2057 2525 ἄριστος.

494 2529 654 2595 Ἀπ’
706 2526 1061 2610 εὐεργεσίης
1099 2524 1530 2609 Ἀγαμέμνονα
1572 2532 1739 2590 τῖσαν
1781 2527 2051 2611 Ἀχαιοί.

499 2611 840 2699 Ἀργαλέον
885 2609 1224 2694 φρονέοντα
1263 2612 1417 2695 πάρ’
1463 2611 1693 2697 ἄφροσι
1747 2611 1935 2674 πόλλ’
1982 2612 2325 2694 ἀγορεύειν.

495 2696 861 2784 Ἀργυρέαις
901 2694 1184 2778 λόγχαισι
1237 2697 1466 2780 μάχου,
1516 2699 1619 2760 καὶ
1655 2698 1852 2759 πάντα
1891 2697 2300 2779 δαμάσ[σ]εις.

496 2783 828 2869 Ἀρκαδίην
883 2780 948 2862 μ’
992 2781 1200 2855 αἰτεῖς,
1247 2779 1402 2862 μέγα
1441 2783 1500 2864 μ’
1554 2783 1758 2849 αἰτεῖς.
1813 2780 1887 2844 οὔ
1932 2805 2025 2845 τοι
2072 2784 2281 2846 δώσω.

495 2869 726 2954 Ἀρχὴν
777 2867 987 2928 ἰᾶσθαι
1029 2864 1188 2927 πολὺ
1238 2866 1447 2942 λώϊον,
1492 2868 1570 2951 ἠὲ
1613 2867 1921 2948 τελευτήν.

493 2953 807 3018 Ἀισονται
848 2948 986 3011 τότε
1031 2949 1259 3025 κύκνοι,
1304 2949 1448 3012 ὅταν
1498 2956 1710 3032 σιγῶσι
1749 2951 2008 3014 κολοιοί.

502 3039 771 3120 Αὖγοὶζω
818 3034 972 3116 πρὸς
1001 3030 1324 3117 Ὄλυμπον
1373 3036 1752 3119 ἀταρβήτῃσι
1791 3039 2172 3118 π’ροσωπαῖς.
2249 3088 2258 3099 .

501 3123 840 3206 Αὖτάρκιυν
894 3118 1277 3200 εὐδαιμονίη,
1324 3121 1493 3203 φιλίη
1534 3119 1603 3181 δὲ
1649 3119 1938 3204 βεβαίων.
2383 3181 2389 3188 ,

503 3208 734 3271 Αὐτίκα
782 3204 883 3266 καὶ
932 3202 1092 3286 φυτὰ
1136 3204 1318 3284 δῆλα,
1367 3204 1442 3266 τὰ
1490 3203 1705 3285 μέλλει
1747 3203 2002 3286 ’κάρπιμῖ
2048 3201 2324 3266 ἔσεσθαι.

488 3292 861 3374 Αὐτόματοι
908 3288 965 3349 δ’
1011 3287 1238 3368 ἀγαθοὶ
1282 3288 1532 3369 ἀγαθῶν
1582 3287 1680 3350 ἐπὶ
1727 3289 1937 3355 δαῖτας
1982 3285 2127 3349 ἴασι.

502 3373 696 3458 Βαίτη
745 3373 849 3436 καὶ
896 3370 1117 3455 θέρεος
1154 3372 1256 3436 καὶ
1295 3371 1590 3456 χείματός
1630 3372 1786 3434 ἐστιν
1832 3371 2068 3452 ἀρίστη..

505 3459 788 3543 Γαστέρα
837 3478 942 3540 μοι
984 3455 1326 3540 προφέροις
1373 3459 1695 3520 κάλλιστον
1738 3454 1975 3522 ὄνειδος
2018 3456 2324 3516 ἁπάντων.

574 3543 659 3609 ‘H
701 3544 944 3626 πλήρης
984 3541 1092 3622 μὲν
1141 3540 1554 3627 ἐλαφροτάτη,
1583 3541 1764 3622 κενεὴ
1810 3540 1879 3602 δὲ
1920 3540 2160 3624 βαρεῖα.

508 3629 781 3713 Γαστρὸς
828 3627 949 3688 ἀπὸ
998 3625 1215 3707 πλείης
1261 3626 1454 3710 βουλὴ
1499 3625 1601 3686 καὶ
1645 3629 1819 3706 μῆτις
1863 3623 2108 3708 ἀρείων.

509 3713 822 3793 mazam
859 3710 1182 3794 ἐπίκουρος
1219 3710 1371 3794 ἀνὴρ
1399 3709 1618 3772 τόσσον
1646 3710 1825 3793 φίλος
1853 3707 1916 3778 ἔς
1937 3732 2002 3773 τε
2027 3712 2328 3796 μάχῃ-ται.
