3059 4492
713 465 865 562 EQ—

341 681 345 690 .
419 629 539 714 Μοῖραν
564 630 785 707 θποπτεῦοντα,
809 630 876 716 βίου
898 627 1053 712 θέλγητρα
1074 627 1242 714 προέσθαι.

334 711 370 778 Ε.
414 714 609 800 Ἀμφίβολον
633 715 682 777 διὰ
705 721 831 798 πρᾶγμα
850 716 1075 798 χολωσάμενος
1098 715 1140 798 μὴ
1157 711 1251 798 ἔριζε.

420 797 526 882 Θυμδς
549 799 732 881 ἐπιπροσθεῖ
752 805 797 885 τῷ
819 801 864 883 νῷ
887 803 941 860 τοῦ
954 799 979 860 τ’
999 799 1124 882 ἀτρεκὲς
1134 797 1252 882 ἀθρεῖν.

335 906 362 952 ς.
393 892 399 902 ’
417 882 535 946 Αὐτίκα
552 885 590 967 δὴ
607 884 795 967 δαπάνησον,
812 884 884 946 ὅταν
900 882 938 944 τά
950 882 1103 966 πράγματ’
1123 881 1253 966 ἀπαιτῇ.

423 969 481 1031 Δεῖ
499 968 577 1031 κατὰ
599 970 633 1031 τδ
652 972 768 1053 χρεῖος,
790 970 841 1030 καὶ
863 969 914 1031 τδν
936 966 1042 1051 καιρόν
1055 991 1082 1029 τι
1094 971 1253 1052 χορηγεῖν.

336 1048 371 1113 Ζ.
421 1049 485 1116 Τοῦ
496 1053 550 1135 μὲν
559 1052 634 1135 ἄγαν
647 1053 778 1137 ἀπέχου.
787 1050 856 1115 Τῶν
866 1050 896 1112 δ’
906 1051 945 1114 αῦ
956 1052 1086 1135 μετρίων
1099 1050 1254 1134 ἐπιθῦμει.

352 1175 354 1180 ,
421 1134 472 1200 Ἐν
499 1137 578 1221 βαιῷ
597 1143 728 1222 ποταμῷ
748 1137 806 1227 γὰρ
830 1137 1071 1219 ἀκινδυνώτερος
1093 1135 1109 1198 ὁ
1134 1138 1243 1205 πλοῦς.
1356 1174 1357 1205 γ

335 1217 375 1283 Η.
414 1218 473 1283 Ὧν
499 1223 594 1288 αἰδώς
618 1221 646 1284 ε’
663 1223 754 1304 αἱρεῖ,
776 1222 850 1284 τάδε
875 1222 915 1305 μὴ
937 1221 1087 1283 κοίνωσον
1109 1221 1255 1305 ἑταίροις,

422 1303 474 1389 Μὴ
488 1305 617 1374 πλέονες
629 1305 823 1392 μέμρωνται,
833 1306 908 1388 ὅπερ
922 1302 1007 1389 μόνῳ
1018 1303 1255 1388 οῦσυιάρέσκει.

339 1388 375 1452 Θ.
423 1387 504 1456 Τοῦτ
525 1390 666 1474 ἀλιτροδς
687 1391 727 1472 μὴ
752 1388 820 1451 οίου
846 1390 1051 1471 ἀλιτροσυνῶν
1067 1411 1094 1450 τι
1111 1388 1255 1452 ὄνασθαι.
1358 1382 1359 1401 ’

423 1472 605 1557 Πταίσματα
621 1480 665 1558 τῷ
678 1498 711 1540 τε
725 1473 831 1559 χρόνῳ
849 1473 1121 1558 ἐλάθοντο,χρο’νῳ
1135 1474 1165 1535 τ’
1181 1474 1256 1558 ἐφᾶ-
1359 1488 1360 1505 ’

338 1557 361 1621 Ι.
421 1556 609 1621 Ἠπεδανοῖο
627 1560 707 1643 φυὴν
722 1560 763 1641 μὴ
780 1560 947 1639 σωματίοιο
963 1560 1078 1629 κάκιζε.
1133 1562 1256 1642 [νησαν.

426 1643 636 1726 Φραδμοοῦνη
649 1643 853 1730 προβέβηκεν,
864 1642 925 1727 ὅτῳ
934 1642 1023 1726 φύσις
1037 1644 1093 1706 οῦκ
1105 1641 1195 1727 ἔπορ’
1206 1644 1257 1706 ἀλ-

950 1751 1016 1808 κην.

339 1809 394 1874 ΙΑ.
417 1807 476 1874 Ὃν
491 1814 546 1872 σεῦ
564 1809 704 1873 ἀκιδνῦτε
726 1833 759 1872 ον
778 1810 886 1888 νοέεις,
905 1810 949 1896 τῷ
963 1813 991 1873 δ’
1012 1811 1069 1874 εἶκ’
1087 1811 1130 1872 ἐνὶ
1145 1815 1257 1896 καιρῷ.
1361 1850 1363 1869 .

427 1893 570 1979 Πυλλάχ’
594 1898 609 1958 ὁ
634 1834 769 1982 νικηθεὶς
789 1898 840 1958 τδν
862 1898 1027 1979 νικήσαντα
1049 1897 1195 1978 κράτησε.

340 1976 392 2042 IB.
419 1975 609 2064 Ἅψιμᾶχυις
631 1979 754 2042 ἐπέεσσι
779 1980 1043 2063 μὴ’ἀντιλῦγησυν
1065 1981 1190 2064 ἑταίρῳ.

423 2060 475 2133 Ἐξ
498 2065 608 2145 ὀλίγων
635 2064 741 2147 μύθων
767 2067 885 2148 μεγάλη
903 2067 978 2127 ποτὲ
1002 2065 1088 2148 δῆρις
1113 2065 1240 2147 ὀρώρει.

340 2146 389 2212 ΙΓ.
425 2145 541 2233 Κλήρῳ
563 2149 748 2233 ἐρευνᾶσθαι
772 2150 802 2211 τί
818 2151 892 2217 θεὸς
908 2150 1080 2234 τεκμαίρετ’
1107 2149 1237 2211 ἀλεῦου.

418 2228 504 2296 Ὅττι
525 2233 582 2316 γάρ
608 2233 641 2301 ὃς
663 2237 732 2318 περὶ
753 2239 810 2296 σοῦ
829 2233 958 2310 τελέσει,
974 2233 1028 2296 σέο
1040 2233 1137 2318 χωρίς
1152 2234 1259 2317 ὁρίζει.

340 2315 391 2380 ΙΔ.
427 2319 480 2400 Μὴ
505 2317 620 2402 φθόνον
646 2319 681 2380 ἐκ
703 2320 833 2402 κομιδῆς
849 2318 1012 2402 περιέργου
1031 2341 1079 2380 σοι
1092 2321 1260 2404 περιάψης,

423 2401 478 2470 Ὡς
492 2403 546 2485 κῆν
559 2403 600 2486 μὴ
616 2403 720 2487 βλάψη
737 2405 774 2479 τὶ,
784 2403 888 2488 φέρειν
901 2405 936 2485 γὲ
946 2403 1000 2486 μέν
1011 2402 1090 2465 ἐστιν
1107 2403 1260 2487 ἐπαχθής.

341 2483 391 2552 ΙΕ.
422 2484 674 2572 Καρτερυθύμως
699 2491 822 2570 πλῆσον,
844 2488 896 2550 ἐὰν
920 2488 1034 2556 ἀδίκως
1055 2487 1260 2571 κατακριθῇς·

427 2567 472 2635 Οὐ
498 2572 552 2653 δὴν
573 2571 744 2654 γαυριὸωσι
765 2577 853 2657 κριτῇ
871 2577 1012 2640 νικῶντες
1034 2571 1175 2655 ἀθέσμῳ.

343 2655 385 2726 lc.
426 2656 481 2738 Μὴ
500 2657 552 2738 τὴν
574 2656 729 2738 λοιδορίην
755 2656 856 2740 ἔριδος
877 2655 1045 2740 προένεγκε
1064 2659 1210 2725 παλαιᾶς.

427 2739 1260 2826 Μεμνῆσθαιδὲκότυιο,κακίιρρονόςέστι,μετ’ἔχθραν.

342 2821 391 2888 ῙΖ.
424 2822 477 2906 Μὴ
502 2823 534 2885 τέ
561 2823 587 2884 o’
613 2823 805 2901 ἐπαίνεσσον,
829 2827 902 2909 μήτ’
928 2823 1016 2893 αὖθις
1027 2825 1118 2908 ψέξον
1134 2823 1258 2888 ἑαυτόν.

426 2906 526 2972 Τοῦτο
539 2911 616 2992 πρὸς
626 2908 805 2992 ἀφραδέων,
816 2909 993 2993 οθςοίστρεῖ
1002 2908 1261 2994 δάξακενῦφρων.

341 2991 394 3058 ΙΗ.
428 2993 545 3056 Φείδου
555 2998 614 3055 τῶν
623 2995 770 3074 κτεάνων,
784 2996 929 3056 δαπανῶν
937 2995 982 3058 ὅτι
995 2995 1116 3078 πλῆθος
1129 2994 1259 3078 ἐπιρρεῖ.

422 3075 475 3142 Ἐν
502 3083 611 3162 μακρῷ
631 3080 665 3140 τδ
687 3079 845 3162 πορισθὲν,
869 3081 983 3151 ὀλίζυνι
1004 3079 1036 3141 ἐν
1048 3078 1153 3163 χρόνῳ
1165 3077 1260 3164 ἔρρει.

342 3163 394 3228 ΙΘ.
421 3163 550 3248 Ἄφρων
560 3163 656 3245 γίνου,
667 3163 780 3226 ὅταντό
788 3186 821 3225 τε
829 3163 971 3247 πράγμ’ὅ
978 3187 1011 3226 τε
1019 3165 1124 3246 καιρὸς
1133 3165 1260 3248 ἀπαιτῇ.

343 3297 347 3304 .
424 3247 622 3332 Ἀφροσῦνης
645 3248 802 3330 ἐπίκαιρος
826 3246 991 3331 ὑπόκρισις,
1014 3248 1076 3310 ἐστὶ
1100 3246 1260 3331 φρόνησις.

343 3331 381 3396 Κ.
424 3331 630 3416 Ἀμφότερον,
642 3333 693 3394 καὶ
710 3332 923 3416 σμικρολόγος,
937 3334 987 3395 καὶ
1002 3331 1123 3398 ἄσωτος
1136 3333 1260 3396 ἄκοίιειν

344 3465 348 3474 ,
429 3417 542 3500 Φεῦγε.
565 3417 636 3479 τάδ’
660 3415 756 3501 ἄμφω
781 3419 867 3500 ὁμῶς
886 3417 1010 3501 εόδοξίη
1033 3416 1249 3480 ἀντιπέπονθε.

343 3500 411 3566 ΚΑ.
428 3499 480 3582 Μὴ
501 3502 662 3564 πίστευσον
686 3503 735 3564 ἀεὶ
757 3501 803 3585 τῷ
825 3501 1050 3584 ἀπαγγέλλοντί
1070 3523 1118 3563 σοι
1141 3500 1227 3565 ἄττα.

429 3585 487 3670 Δεῖ
506 3586 563 3670 γὰρ
583 3587 734 3648 πιστεύειν
760 3587 863 3666 ὀλίγον
886 3590 950 3655 τοῖς
968 3585 1072 3648 πολλὰ
1095 3587 1238 3649 λαλοῦσι.

344 3666 411 3732 ΚΒ.
423 3667 479 3730 Ἤν
494 3692 520 3729 τι
541 3669 622 3753 μέθη
646 3670 787 3753 πταίσης,
813 3669 898 3732 οῦτοι
922 3670 1102 3753 οῦ[γ]γνωθι
1126 3675 1259 3755 σεαυτῷ.
