<?xml version="1.0" encoding="UTF-8"?>
<!DOCTYPE html PUBLIC "-//W3C//DTD XHTML 1.0 Transitional//EN"
    "http://www.w3.org/TR/xhtml1/DTD/xhtml1-transitional.dtd">
<html xmlns="http://www.w3.org/1999/xhtml" xml:lang="en" lang="en">
 <head>
  <title>
</title>
<meta http-equiv="Content-Type" content="text/html;charset=utf-8" />
  <meta name='ocr-system' content='tesseract 3.04.00' />
  <meta name='ocr-capabilities' content='ocr_page ocr_carea ocr_par ocr_line ocrx_word'/>
</head>
<body>
  <div class='ocr_page' id='page_1' title='image "./poemataomnia01scalgoog_0068.png"; bbox 0 0 3059 4492; ppageno 0'>
   <div class='ocr_carea' id='block_1_1' title="bbox 725 452 878 548">
    <p class='ocr_par' dir='ltr' id='par_1_1' title="bbox 725 452 878 548">
     <span class='ocr_line' id='line_1_1' title="bbox 725 452 878 548; baseline 0 -38"><span class='ocrx_word' id='word_1_1' title='bbox 725 452 878 548; x_wconf 45' lang='lat'><strong>—61—</strong></span> 
     </span>
    </p>
   </div>
   <div class='ocr_carea' id='block_1_2' title="bbox 283 618 1267 2130">
    <p class='ocr_par' dir='ltr' id='par_1_2' title="bbox 283 618 1267 2130">
     <span class='ocr_line' id='line_1_2' title="bbox 334 618 1251 702; baseline -0.004 -12"><span class='ocrx_word' id='word_1_2' title='bbox 334 630 414 690; x_wconf 85' lang='lat' dir='ltr'><strong>Non</strong></span> <span class='ocrx_word' id='word_1_3' title='bbox 436 625 555 682; x_wconf 88' lang='lat' dir='ltr'><strong>lucrum</strong></span> <span class='ocrx_word' id='word_1_4' title='bbox 577 618 678 691; x_wconf 82' lang='lat' dir='ltr'><strong>velox,</strong></span> <span class='ocrx_word' id='word_1_5' title='bbox 697 638 893 697; x_wconf 89' lang='lat' dir='ltr'><strong>quascunque</strong></span> <span class='ocrx_word' id='word_1_6' title='bbox 917 622 1130 701; x_wconf 83' lang='lat' dir='ltr'><strong>¹relinquimus,</strong></span> <span class='ocrx_word' id='word_1_7' title='bbox 1153 627 1251 702; x_wconf 87' lang='lat' dir='ltr'><strong>auxit,</strong></span> 
     </span>
     <span class='ocr_line' id='line_1_3' title="bbox 283 704 1047 786; baseline 0.001 -18"><span class='ocrx_word' id='word_1_8' title='bbox 283 783 285 786; x_wconf 10' lang='grc' dir='ltr'><em>Α</em></span> <span class='ocrx_word' id='word_1_9' title='bbox 380 711 459 771; x_wconf 82' lang='lat' dir='ltr'><strong>Vita</strong></span> <span class='ocrx_word' id='word_1_10' title='bbox 479 705 535 766; x_wconf 90' lang='lat' dir='ltr'><strong>sed</strong></span> <span class='ocrx_word' id='word_1_11' title='bbox 555 704 692 762; x_wconf 87' lang='lat' dir='ltr'><strong>excultas</strong></span> <span class='ocrx_word' id='word_1_12' title='bbox 714 708 816 764; x_wconf 91' lang='lat' dir='ltr'><strong>sobria</strong></span> <span class='ocrx_word' id='word_1_13' title='bbox 838 707 937 785; x_wconf 79' lang='lat' dir='ltr'><strong>parsit</strong></span> <span class='ocrx_word' id='word_1_14' title='bbox 959 728 1047 786; x_wconf 89' lang='lat' dir='ltr'><strong>opes,</strong></span> 
     </span>
     <span class='ocr_line' id='line_1_4' title="bbox 338 791 1187 876; baseline 0.009 -28"><span class='ocrx_word' id='word_1_15' title='bbox 338 801 429 876; x_wconf 75' lang='lat' dir='ltr'><strong>Quas</strong></span> <span class='ocrx_word' id='word_1_16' title='bbox 453 800 554 870; x_wconf 87' lang='lat' dir='ltr'><strong>pater,</strong></span> <span class='ocrx_word' id='word_1_17' title='bbox 575 797 605 846; x_wconf 91' lang='lat' dir='ltr'><strong>et</strong></span> <span class='ocrx_word' id='word_1_18' title='bbox 627 791 748 866; x_wconf 81' lang='lat' dir='ltr'><strong>generis</strong></span> <span class='ocrx_word' id='word_1_19' title='bbox 772 793 868 851; x_wconf 87' lang='lat' dir='ltr'><strong>series</strong></span> <span class='ocrx_word' id='word_1_20' title='bbox 891 793 1073 871; x_wconf 87' lang='lat' dir='ltr'><strong>longissima</strong></span> <span class='ocrx_word' id='word_1_21' title='bbox 1091 797 1187 872; x_wconf 78' lang='lat' dir='ltr'>prisci</span> 
     </span>
     <span class='ocr_line' id='line_1_5' title="bbox 382 877 1129 957; baseline 0.004 -21"><span class='ocrx_word' id='word_1_22' title='bbox 382 877 503 957; x_wconf 88' lang='lat' dir='ltr'><strong>Liquit,</strong></span> <span class='ocrx_word' id='word_1_23' title='bbox 526 881 555 931; x_wconf 90' lang='lat' dir='ltr'><strong>et</strong></span> <span class='ocrx_word' id='word_1_24' title='bbox 577 893 597 930; x_wconf 89' lang='lat' dir='ltr'><strong>a</strong></span> <span class='ocrx_word' id='word_1_25' title='bbox 616 893 730 950; x_wconf 89' lang='lat' dir='ltr'><strong>proavo</strong></span> <span class='ocrx_word' id='word_1_26' title='bbox 753 877 850 936; x_wconf 89' lang='lat' dir='ltr'><strong>missa</strong></span> <span class='ocrx_word' id='word_1_27' title='bbox 869 887 992 954; x_wconf 90' lang='lat' dir='ltr'><strong>potente</strong></span> <span class='ocrx_word' id='word_1_28' title='bbox 1013 881 1129 940; x_wconf 90' lang='lat' dir='ltr'><strong>domus.</strong></span> 
     </span>
     <span class='ocr_line' id='line_1_6' title="bbox 329 962 1038 1042; baseline -0.004 -16"><span class='ocrx_word' id='word_1_29' title='bbox 329 968 419 1042; x_wconf 31' lang='lat' dir='ltr'><strong>,Otia</strong></span> <span class='ocrx_word' id='word_1_30' title='bbox 437 966 599 1024; x_wconf 79' lang='lat' dir='ltr'><strong>Musarum</strong></span> <span class='ocrx_word' id='word_1_31' title='bbox 620 978 708 1019; x_wconf 88' lang='lat' dir='ltr'><strong>curas</strong></span> <span class='ocrx_word' id='word_1_32' title='bbox 729 962 863 1021; x_wconf 88' lang='lat' dir='ltr'><strong>mulsere</strong></span> <span class='ocrx_word' id='word_1_33' title='bbox 885 964 1038 1025; x_wconf 81' lang='lat' dir='ltr'>forenses:</span> 
     </span>
     <span class='ocr_line' id='line_1_7' title="bbox 382 1045 992 1124; baseline -0.007 -12"><span class='ocrx_word' id='word_1_34' title='bbox 382 1047 565 1124; x_wconf 81' lang='lat' dir='ltr'><strong>Perfugium</strong></span> <span class='ocrx_word' id='word_1_35' title='bbox 587 1045 695 1103; x_wconf 89' lang='lat' dir='ltr'><strong>studiis</strong></span> <span class='ocrx_word' id='word_1_36' title='bbox 717 1046 772 1103; x_wconf 88' lang='lat' dir='ltr'><strong>illa</strong></span> <span class='ocrx_word' id='word_1_37' title='bbox 794 1049 881 1106; x_wconf 84' lang='lat' dir='ltr'><strong>fuere</strong></span> <span class='ocrx_word' id='word_1_38' title='bbox 906 1050 992 1108; x_wconf 88' lang='lat' dir='ltr'><strong>meis.</strong></span> 
     </span>
     <span class='ocr_line' id='line_1_8' title="bbox 340 1130 1007 1209; baseline -0.004 -12"><span class='ocrx_word' id='word_1_39' title='bbox 340 1142 427 1201; x_wconf 88' lang='lat' dir='ltr'><strong>Pura</strong></span> <span class='ocrx_word' id='word_1_40' title='bbox 446 1130 586 1193; x_wconf 89' lang='lat' dir='ltr'><strong>valetudo</strong></span> <span class='ocrx_word' id='word_1_41' title='bbox 608 1130 700 1189; x_wconf 90' lang='lat' dir='ltr'><strong>nullis</strong></span> <span class='ocrx_word' id='word_1_42' title='bbox 721 1130 845 1208; x_wconf 90' lang='lat' dir='ltr'><strong>pulsata</strong></span> <span class='ocrx_word' id='word_1_43' title='bbox 863 1135 1007 1209; x_wconf 86' lang='lat' dir='ltr'><strong>procellis</strong></span> 
     </span>
     <span class='ocr_line' id='line_1_9' title="bbox 387 1214 1094 1296; baseline -0.001 -18"><span class='ocrx_word' id='word_1_44' title='bbox 387 1223 520 1296; x_wconf 89' lang='lat' dir='ltr'><strong>Semper</strong></span> <span class='ocrx_word' id='word_1_45' title='bbox 539 1214 690 1274; x_wconf 79' lang='lat' dir='ltr'><strong>inoffense</strong></span> <span class='ocrx_word' id='word_1_46' title='bbox 710 1217 815 1274; x_wconf 87' lang='lat' dir='ltr'><strong>functa</strong></span> <span class='ocrx_word' id='word_1_47' title='bbox 833 1226 940 1278; x_wconf 90' lang='lat' dir='ltr'><strong>tenore</strong></span> <span class='ocrx_word' id='word_1_48' title='bbox 963 1239 1017 1278; x_wconf 91' lang='lat' dir='ltr'><strong>sno</strong></span> <span class='ocrx_word' id='word_1_49' title='bbox 1039 1229 1094 1278; x_wconf 91' lang='lat' dir='ltr'><strong>est.</strong></span> 
     </span>
     <span class='ocr_line' id='line_1_10' title="bbox 345 1303 1170 1382; baseline 0.002 -20"><span class='ocrx_word' id='word_1_50' title='bbox 345 1303 506 1370; x_wconf 82' lang='lat' dir='ltr'><strong>curricula</strong></span> <span class='ocrx_word' id='word_1_51' title='bbox 526 1308 679 1358; x_wconf 86' lang='lat' dir='ltr'><strong>extremae</strong></span> <span class='ocrx_word' id='word_1_52' title='bbox 700 1321 896 1378; x_wconf 83' lang='lat' dir='ltr'><strong>permensum</strong></span> <span class='ocrx_word' id='word_1_53' title='bbox 917 1304 1008 1382; x_wconf 82' lang='lat' dir='ltr'><strong>longa</strong></span> <span class='ocrx_word' id='word_1_54' title='bbox 1030 1313 1170 1364; x_wconf 76' lang='lat' dir='ltr'><strong>senectae</strong></span> 
     </span>
     <span class='ocr_line' id='line_1_11' title="bbox 390 1388 968 1464; baseline -0.005 -15"><span class='ocrx_word' id='word_1_55' title='bbox 390 1394 532 1464; x_wconf 86' lang='lat' dir='ltr'><strong>Occupat</strong></span> <span class='ocrx_word' id='word_1_56' title='bbox 552 1394 655 1463; x_wconf 88' lang='lat' dir='ltr'><strong>optato</strong></span> <span class='ocrx_word' id='word_1_57' title='bbox 677 1388 737 1444; x_wconf 89' lang='lat' dir='ltr'><strong>fine</strong></span> <span class='ocrx_word' id='word_1_58' title='bbox 760 1389 851 1445; x_wconf 89' lang='lat' dir='ltr'><strong>beata</strong></span> <span class='ocrx_word' id='word_1_59' title='bbox 872 1389 968 1462; x_wconf 87' lang='lat' dir='ltr'><strong>quies.</strong></span> 
     </span>
     <span class='ocr_line' id='line_1_12' title="bbox 345 1471 1266 1551; baseline -0.003 -12"><span class='ocrx_word' id='word_1_60' title='bbox 345 1481 433 1539; x_wconf 89' lang='lat' dir='ltr'><strong>Mors</strong></span> <span class='ocrx_word' id='word_1_61' title='bbox 453 1489 571 1551; x_wconf 79' lang='lat' dir='ltr'><strong>quoque</strong></span> <span class='ocrx_word' id='word_1_62' title='bbox 590 1471 714 1529; x_wconf 89' lang='lat' dir='ltr'><strong>laudata</strong></span> <span class='ocrx_word' id='word_1_63' title='bbox 736 1479 793 1529; x_wconf 88' lang='lat' dir='ltr'><strong>est.</strong></span> <span class='ocrx_word' id='word_1_64' title='bbox 815 1473 928 1550; x_wconf 82' lang='lat' dir='ltr'><strong>gemitu</strong></span> <span class='ocrx_word' id='word_1_65' title='bbox 951 1474 1145 1551; x_wconf 82' lang='lat' dir='ltr'><strong>lacrimisque</strong></span> <span class='ocrx_word' id='word_1_66' title='bbox 1158 1475 1266 1536; x_wconf 86' lang='lat' dir='ltr'><strong>Senati</strong></span> 
     </span>
     <span class='ocr_line' id='line_1_13' title="bbox 389 1559 1043 1633; baseline -0.003 -13"><span class='ocrx_word' id='word_1_67' title='bbox 389 1561 523 1628; x_wconf 84' lang='lat' dir='ltr'><strong>Efferor,</strong></span> <span class='ocrx_word' id='word_1_68' title='bbox 548 1564 578 1613; x_wconf 92' lang='lat' dir='ltr'><strong>et</strong></span> <span class='ocrx_word' id='word_1_69' title='bbox 597 1559 705 1633; x_wconf 92' lang='lat' dir='ltr'><strong>populi</strong></span> <span class='ocrx_word' id='word_1_70' title='bbox 725 1565 804 1615; x_wconf 89' lang='lat' dir='ltr'><strong>teste</strong></span> <span class='ocrx_word' id='word_1_71' title='bbox 827 1559 927 1616; x_wconf 88' lang='lat' dir='ltr'><strong>dolore</strong></span> <span class='ocrx_word' id='word_1_72' title='bbox 948 1561 1043 1618; x_wconf 86' lang='lat' dir='ltr'><strong>fruor.</strong></span> 
     </span>
     <span class='ocr_line' id='line_1_14' title="bbox 347 1641 1100 1721; baseline -0.008 -12"><span class='ocrx_word' id='word_1_73' title='bbox 347 1651 437 1709; x_wconf 90' lang='lat' dir='ltr'><strong>Haec</strong></span> <span class='ocrx_word' id='word_1_74' title='bbox 460 1642 557 1703; x_wconf 88' lang='lat' dir='ltr'><strong>series</strong></span> <span class='ocrx_word' id='word_1_75' title='bbox 580 1641 670 1699; x_wconf 89' lang='lat' dir='ltr'><strong>vitae.</strong></span> <span class='ocrx_word' id='word_1_76' title='bbox 694 1643 834 1702; x_wconf 89' lang='lat' dir='ltr'><strong>manibus</strong></span> <span class='ocrx_word' id='word_1_77' title='bbox 857 1643 897 1701; x_wconf 89' lang='lat' dir='ltr'><strong>da</strong></span> <span class='ocrx_word' id='word_1_78' title='bbox 916 1644 982 1702; x_wconf 90' lang='lat' dir='ltr'><strong>lilia</strong></span> <span class='ocrx_word' id='word_1_79' title='bbox 1002 1645 1100 1721; x_wconf 90' lang='lat' dir='ltr'><strong>plenis</strong></span> 
     </span>
     <span class='ocr_line' id='line_1_15' title="bbox 392 1727 1121 1806; baseline -0.003 -16"><span class='ocrx_word' id='word_1_80' title='bbox 392 1733 529 1806; x_wconf 83' lang='lat' dir='ltr'><strong>Hospes,</strong></span> <span class='ocrx_word' id='word_1_81' title='bbox 550 1733 580 1783; x_wconf 90' lang='lat' dir='ltr'><strong>et</strong></span> <span class='ocrx_word' id='word_1_82' title='bbox 604 1729 740 1804; x_wconf 87' lang='lat' dir='ltr'><strong>exequiis</strong></span> <span class='ocrx_word' id='word_1_83' title='bbox 764 1727 866 1787; x_wconf 85' lang='lat' dir='ltr'><strong>fausta</strong></span> <span class='ocrx_word' id='word_1_84' title='bbox 887 1748 1012 1804; x_wconf 85' lang='lat' dir='ltr'><strong>precare</strong></span> <span class='ocrx_word' id='word_1_85' title='bbox 1034 1731 1121 1789; x_wconf 87' lang='lat' dir='ltr'><strong>meis.</strong></span> 
     </span>
     <span class='ocr_line' id='line_1_16' title="bbox 349 1812 1092 1888; baseline -0.005 -12"><span class='ocrx_word' id='word_1_86' title='bbox 349 1823 392 1880; x_wconf 78' lang='lat' dir='ltr'><strong>At</strong></span> <span class='ocrx_word' id='word_1_87' title='bbox 412 1815 469 1874; x_wconf 91' lang='lat' dir='ltr'><strong>tibi</strong></span> <span class='ocrx_word' id='word_1_88' title='bbox 491 1812 648 1888; x_wconf 82' lang='lat' dir='ltr'><strong>contingat</strong></span> <span class='ocrx_word' id='word_1_89' title='bbox 667 1822 804 1871; x_wconf 87' lang='lat' dir='ltr'><strong>votorum</strong></span> <span class='ocrx_word' id='word_1_90' title='bbox 828 1833 948 1873; x_wconf 91' lang='lat' dir='ltr'><strong>summa</strong></span> <span class='ocrx_word' id='word_1_91' title='bbox 967 1823 1092 1873; x_wconf 91' lang='lat' dir='ltr'><strong>tuorum.</strong></span> 
     </span>
     <span class='ocr_line' id='line_1_17' title="bbox 394 1897 999 1977; baseline -0.005 -16"><span class='ocrx_word' id='word_1_92' title='bbox 394 1901 428 1962; x_wconf 88' lang='lat' dir='ltr'><strong>Si</strong></span> <span class='ocrx_word' id='word_1_93' title='bbox 452 1900 497 1959; x_wconf 89' lang='lat' dir='ltr'><strong>sic</strong></span> <span class='ocrx_word' id='word_1_94' title='bbox 517 1897 632 1971; x_wconf 86' lang='lat' dir='ltr'><strong>vixisti,</strong></span> <span class='ocrx_word' id='word_1_95' title='bbox 654 1899 698 1958; x_wconf 92' lang='lat' dir='ltr'><strong>sic</strong></span> <span class='ocrx_word' id='word_1_96' title='bbox 714 1907 804 1976; x_wconf 88' lang='lat' dir='ltr'><strong>potes</strong></span> <span class='ocrx_word' id='word_1_97' title='bbox 826 1899 895 1977; x_wconf 90' lang='lat' dir='ltr'><strong>ipse</strong></span> <span class='ocrx_word' id='word_1_98' title='bbox 915 1901 999 1958; x_wconf 88' lang='lat' dir='ltr'><strong>mori.</strong></span> 
     </span>
     <span class='ocr_line' id='line_1_18' title="bbox 442 1992 1267 2060; baseline 0.004 -14"><span class='ocrx_word' id='word_1_99' title='bbox 442 1995 514 2046; x_wconf 83' lang='lat' dir='ltr'><strong>Obiit</strong></span> <span class='ocrx_word' id='word_1_100' title='bbox 532 1992 680 2059; x_wconf 75' lang='lat' dir='ltr'><strong>christoph.</strong></span> <span class='ocrx_word' id='word_1_101' title='bbox 702 1995 830 2045; x_wconf 86' lang='lat' dir='ltr'><strong>Thuanus</strong></span> <span class='ocrx_word' id='word_1_102' title='bbox 853 1997 912 2046; x_wconf 87' lang='lat' dir='ltr'><strong>Kal.</strong></span> <span class='ocrx_word' id='word_1_103' title='bbox 935 1995 1066 2046; x_wconf 88' lang='lat' dir='ltr'><strong>Ithihns</strong></span> <span class='ocrx_word' id='word_1_104' title='bbox 1087 1996 1165 2046; x_wconf 77' lang='lat' dir='ltr'><strong>Anno</strong></span> <span class='ocrx_word' id='word_1_105' title='bbox 1189 1993 1267 2060; x_wconf 72' lang='lat'><strong>1582,</strong></span> 
     </span>
     <span class='ocr_line' id='line_1_19' title="bbox 351 2061 950 2130; baseline -0.007 -12"><span class='ocrx_word' id='word_1_106' title='bbox 351 2083 409 2118; x_wconf 87' lang='lat' dir='ltr'><strong>cum</strong></span> <span class='ocrx_word' id='word_1_107' title='bbox 428 2079 510 2115; x_wconf 90' lang='lat' dir='ltr'><strong>annos</strong></span> <span class='ocrx_word' id='word_1_108' title='bbox 529 2061 571 2124; x_wconf 75' lang='lat'><strong>74,</strong></span> <span class='ocrx_word' id='word_1_109' title='bbox 589 2079 670 2114; x_wconf 89' lang='lat' dir='ltr'><strong>mens.</strong></span> <span class='ocrx_word' id='word_1_110' title='bbox 687 2063 711 2125; x_wconf 87' lang='grc'><strong>3,</strong></span> <span class='ocrx_word' id='word_1_111' title='bbox 730 2067 755 2114; x_wconf 93' lang='lat' dir='ltr'><strong>d.</strong></span> <span class='ocrx_word' id='word_1_112' title='bbox 776 2064 795 2114; x_wconf 78' lang='lat'>5</span> <span class='ocrx_word' id='word_1_113' title='bbox 814 2066 950 2130; x_wconf 77' lang='lat' dir='ltr'><strong>exegisset.</strong></span> 
     </span>
    </p>
   </div>
   <div class='ocr_carea' id='block_1_3' title="bbox 351 2219 1267 3573">
    <p class='ocr_par' dir='ltr' id='par_1_3' title="bbox 427 2219 1187 2297">
     <span class='ocr_line' id='line_1_20' title="bbox 427 2219 1187 2297; baseline -0.004 -17"><span class='ocrx_word' id='word_1_114' title='bbox 427 2223 456 2280; x_wconf 82' lang='lat'><strong>2.</strong></span> <span class='ocrx_word' id='word_1_115' title='bbox 498 2222 606 2297; x_wconf 71' lang='lat' dir='ltr'><strong>Eleqia</strong></span> <span class='ocrx_word' id='word_1_116' title='bbox 624 2222 656 2277; x_wconf 83' lang='lat' dir='ltr'><strong>ia</strong></span> <span class='ocrx_word' id='word_1_117' title='bbox 681 2221 715 2278; x_wconf 87' lang='lat' dir='ltr'><strong>V.</strong></span> <span class='ocrx_word' id='word_1_118' title='bbox 741 2219 772 2278; x_wconf 78' lang='lat' dir='ltr'><strong>C.</strong></span> <span class='ocrx_word' id='word_1_119' title='bbox 793 2223 914 2277; x_wconf 78' lang='lat' dir='ltr'><strong>Ioaaat‘a</strong></span> <span class='ocrx_word' id='word_1_120' title='bbox 937 2221 1053 2277; x_wconf 80' lang='lat' dir='ltr'><strong>Thaura&#39;</strong></span> <span class='ocrx_word' id='word_1_121' title='bbox 1072 2220 1187 2278; x_wconf 82' lang='lat' dir='ltr'><strong>obitam.</strong></span> 
     </span>
    </p>

    <p class='ocr_par' dir='ltr' id='par_1_4' title="bbox 351 2304 1113 2468">
     <span class='ocr_line' id='line_1_21' title="bbox 351 2304 1000 2384; baseline 0 -20"><span class='ocrx_word' id='word_1_122' title='bbox 351 2309 432 2384; x_wconf 81' lang='lat' dir='ltr'><strong>Ergo</strong></span> <span class='ocrx_word' id='word_1_123' title='bbox 450 2306 599 2377; x_wconf 82' lang='lat' dir='ltr'><strong>funestos,</strong></span> <span class='ocrx_word' id='word_1_124' title='bbox 620 2306 727 2382; x_wconf 84' lang='lat' dir='ltr'><strong>regina</strong></span> <span class='ocrx_word' id='word_1_125' title='bbox 747 2305 880 2378; x_wconf 88' lang='lat' dir='ltr'><strong>Lutetia,</strong></span> <span class='ocrx_word' id='word_1_126' title='bbox 903 2304 1000 2364; x_wconf 84' lang='lat' dir='ltr'><strong>cultus</strong></span> 
     </span>
     <span class='ocr_line' id='line_1_22' title="bbox 396 2389 1113 2468; baseline -0.007 -17"><span class='ocrx_word' id='word_1_127' title='bbox 396 2391 509 2464; x_wconf 89' lang='lat' dir='ltr'><strong>Sumis,</strong></span> <span class='ocrx_word' id='word_1_128' title='bbox 531 2399 562 2447; x_wconf 90' lang='lat' dir='ltr'><strong>et</strong></span> <span class='ocrx_word' id='word_1_129' title='bbox 577 2391 610 2448; x_wconf 92' lang='lat' dir='ltr'><strong>in</strong></span> <span class='ocrx_word' id='word_1_130' title='bbox 629 2391 714 2448; x_wconf 85' lang='lat' dir='ltr'><strong>vultu</strong></span> <span class='ocrx_word' id='word_1_131' title='bbox 737 2392 826 2468; x_wconf 86' lang='lat' dir='ltr'><strong>signa</strong></span> <span class='ocrx_word' id='word_1_132' title='bbox 849 2389 980 2448; x_wconf 90' lang='lat' dir='ltr'><strong>dolentis</strong></span> <span class='ocrx_word' id='word_1_133' title='bbox 1006 2389 1113 2446; x_wconf 87' lang='lat' dir='ltr'><strong>habes.</strong></span> 
     </span>
    </p>

    <p class='ocr_par' dir='ltr' id='par_1_5' title="bbox 354 2473 1187 2635">
     <span class='ocr_line' id='line_1_23' title="bbox 354 2473 1187 2548; baseline -0.006 -12"><span class='ocrx_word' id='word_1_134' title='bbox 354 2477 474 2537; x_wconf 84' lang='lat' dir='ltr'><strong>Occidit</strong></span> <span class='ocrx_word' id='word_1_135' title='bbox 494 2476 533 2532; x_wconf 92' lang='lat' dir='ltr'><strong>ah</strong></span> <span class='ocrx_word' id='word_1_136' title='bbox 556 2475 649 2533; x_wconf 88' lang='lat' dir='ltr'><strong>decus</strong></span> <span class='ocrx_word' id='word_1_137' title='bbox 670 2475 724 2532; x_wconf 87' lang='lat' dir='ltr'><strong>ille</strong></span> <span class='ocrx_word' id='word_1_138' title='bbox 743 2483 838 2548; x_wconf 87' lang='lat' dir='ltr'><strong>tuum,</strong></span> <span class='ocrx_word' id='word_1_139' title='bbox 862 2483 915 2532; x_wconf 88' lang='lat' dir='ltr'><strong>tua</strong></span> <span class='ocrx_word' id='word_1_140' title='bbox 937 2492 1009 2531; x_wconf 89' lang='lat' dir='ltr'><strong>cura</strong></span> <span class='ocrx_word' id='word_1_141' title='bbox 1029 2473 1187 2546; x_wconf 76' lang='lat' dir='ltr'><strong>Theanus,</strong></span> 
     </span>
     <span class='ocr_line' id='line_1_24' title="bbox 395 2558 1150 2635; baseline -0.005 -16"><span class='ocrx_word' id='word_1_142' title='bbox 395 2564 495 2635; x_wconf 86' lang='lat' dir='ltr'><strong>Atque</strong></span> <span class='ocrx_word' id='word_1_143' title='bbox 517 2560 662 2635; x_wconf 90' lang='lat' dir='ltr'><strong>estquod</strong></span> <span class='ocrx_word' id='word_1_144' title='bbox 683 2561 793 2618; x_wconf 88' lang='lat' dir='ltr'><strong>feretro</strong></span> <span class='ocrx_word' id='word_1_145' title='bbox 815 2560 902 2618; x_wconf 88' lang='lat' dir='ltr'><strong>triste</strong></span> <span class='ocrx_word' id='word_1_146' title='bbox 920 2558 1040 2616; x_wconf 87' lang='lat' dir='ltr'><strong>levatur</strong></span> <span class='ocrx_word' id='word_1_147' title='bbox 1063 2576 1150 2616; x_wconf 91' lang='lat' dir='ltr'><strong>onus.</strong></span> 
     </span>
    </p>

    <p class='ocr_par' dir='ltr' id='par_1_6' title="bbox 354 2643 1174 2805">
     <span class='ocr_line' id='line_1_25' title="bbox 354 2643 1174 2721; baseline -0.007 -15"><span class='ocrx_word' id='word_1_148' title='bbox 354 2644 498 2706; x_wconf 89' lang='lat' dir='ltr'><strong>Summus</strong></span> <span class='ocrx_word' id='word_1_149' title='bbox 521 2644 725 2717; x_wconf 89' lang='lat' dir='ltr'><strong>alumnorum,</strong></span> <span class='ocrx_word' id='word_1_150' title='bbox 745 2664 822 2719; x_wconf 90' lang='lat' dir='ltr'><strong>quos</strong></span> <span class='ocrx_word' id='word_1_151' title='bbox 845 2644 883 2702; x_wconf 88' lang='lat' dir='ltr'><strong>ad</strong></span> <span class='ocrx_word' id='word_1_152' title='bbox 906 2643 1030 2721; x_wconf 84' lang='lat' dir='ltr'><strong>fastigia</strong></span> <span class='ocrx_word' id='word_1_153' title='bbox 1051 2643 1174 2700; x_wconf 91' lang='lat' dir='ltr'><strong>laudum</strong></span> 
     </span>
     <span class='ocr_line' id='line_1_26' title="bbox 395 2729 1001 2805; baseline -0.002 -18"><span class='ocrx_word' id='word_1_154' title='bbox 395 2729 522 2788; x_wconf 88' lang='lat' dir='ltr'><strong>Virtutis</strong></span> <span class='ocrx_word' id='word_1_155' title='bbox 544 2730 666 2788; x_wconf 84' lang='lat' dir='ltr'><strong>fervens</strong></span> <span class='ocrx_word' id='word_1_156' title='bbox 688 2731 819 2805; x_wconf 91' lang='lat' dir='ltr'><strong>impetus</strong></span> <span class='ocrx_word' id='word_1_157' title='bbox 843 2730 1001 2786; x_wconf 86' lang='lat' dir='ltr'><strong>extulerat.</strong></span> 
     </span>
    </p>

    <p class='ocr_par' dir='ltr' id='par_1_7' title="bbox 354 2813 1267 2976">
     <span class='ocr_line' id='line_1_27' title="bbox 354 2813 1267 2891; baseline 0.002 -21"><span class='ocrx_word' id='word_1_158' title='bbox 354 2813 433 2888; x_wconf 77' lang='lat' dir='ltr'><strong>Quid</strong></span> <span class='ocrx_word' id='word_1_159' title='bbox 449 2832 557 2891; x_wconf 87' lang='lat' dir='ltr'><strong>genus,</strong></span> <span class='ocrx_word' id='word_1_160' title='bbox 570 2821 621 2871; x_wconf 89' lang='lat' dir='ltr'><strong>aut</strong></span> <span class='ocrx_word' id='word_1_161' title='bbox 632 2822 805 2890; x_wconf 87' lang='lat' dir='ltr'><strong>praestans,</strong></span> <span class='ocrx_word' id='word_1_162' title='bbox 822 2815 964 2872; x_wconf 89' lang='lat' dir='ltr'><strong>iuvenum</strong></span> <span class='ocrx_word' id='word_1_163' title='bbox 979 2813 1158 2884; x_wconf 87' lang='lat' dir='ltr'><strong>lectissime,</strong></span> <span class='ocrx_word' id='word_1_164' title='bbox 1172 2813 1267 2872; x_wconf 88' lang='lat' dir='ltr'><strong>virtus</strong></span> 
     </span>
     <span class='ocr_line' id='line_1_28' title="bbox 396 2897 1053 2976; baseline 0.003 -22"><span class='ocrx_word' id='word_1_165' title='bbox 396 2897 527 2971; x_wconf 91' lang='lat' dir='ltr'><strong>Profuit,</strong></span> <span class='ocrx_word' id='word_1_166' title='bbox 547 2907 599 2956; x_wconf 90' lang='lat' dir='ltr'><strong>ant</strong></span> <span class='ocrx_word' id='word_1_167' title='bbox 619 2900 729 2958; x_wconf 91' lang='lat' dir='ltr'><strong>mentis</strong></span> <span class='ocrx_word' id='word_1_168' title='bbox 752 2900 797 2958; x_wconf 89' lang='lat' dir='ltr'><strong>vis</strong></span> <span class='ocrx_word' id='word_1_169' title='bbox 821 2913 968 2976; x_wconf 84' lang='lat' dir='ltr'><strong>generosa</strong></span> <span class='ocrx_word' id='word_1_170' title='bbox 988 2899 1053 2971; x_wconf 90' lang='lat' dir='ltr'><strong>tibi,</strong></span> 
     </span>
    </p>

    <p class='ocr_par' dir='ltr' id='par_1_8' title="bbox 356 2982 1152 3129">
     <span class='ocr_line' id='line_1_29' title="bbox 356 2982 1152 3043; baseline -0.005 0"><span class='ocrx_word' id='word_1_171' title='bbox 356 2982 390 3043; x_wconf 88' lang='lat' dir='ltr'><strong>si</strong></span> <span class='ocrx_word' id='word_1_172' title='bbox 413 3002 496 3043; x_wconf 90' lang='lat' dir='ltr'><strong>mors</strong></span> <span class='ocrx_word' id='word_1_173' title='bbox 520 2991 590 3042; x_wconf 87' lang='lat' dir='ltr'><strong>ante</strong></span> <span class='ocrx_word' id='word_1_174' title='bbox 612 2984 689 3042; x_wconf 91' lang='lat' dir='ltr'><strong>diem</strong></span> <span class='ocrx_word' id='word_1_175' title='bbox 710 2993 740 3042; x_wconf 89' lang='lat' dir='ltr'><strong>te</strong></span> <span class='ocrx_word' id='word_1_176' title='bbox 760 2984 866 3042; x_wconf 87' lang='lat' dir='ltr'><strong>funere</strong></span> <span class='ocrx_word' id='word_1_177' title='bbox 888 2984 1011 3042; x_wconf 88' lang='lat' dir='ltr'><strong>damnat</strong></span> <span class='ocrx_word' id='word_1_178' title='bbox 1028 2983 1152 3042; x_wconf 87' lang='lat' dir='ltr'><strong>acerbo:</strong></span> 
     </span>
     <span class='ocr_line' id='line_1_30' title="bbox 395 3068 1033 3129; baseline 0.002 -4"><span class='ocrx_word' id='word_1_179' title='bbox 395 3068 533 3127; x_wconf 80' lang='lat' dir='ltr'><strong>iniecere</strong></span> <span class='ocrx_word' id='word_1_180' title='bbox 554 3069 659 3128; x_wconf 87' lang='lat' dir='ltr'><strong>avidas</strong></span> <span class='ocrx_word' id='word_1_181' title='bbox 683 3070 710 3129; x_wconf 93' lang='lat' dir='ltr'><strong>si</strong></span> <span class='ocrx_word' id='word_1_182' title='bbox 730 3070 785 3127; x_wconf 90' lang='lat' dir='ltr'><strong>tibi</strong></span> <span class='ocrx_word' id='word_1_183' title='bbox 807 3070 883 3128; x_wconf 85' lang='lat' dir='ltr'><strong>Fata</strong></span> <span class='ocrx_word' id='word_1_184' title='bbox 903 3070 1033 3127; x_wconf 79' lang='lat' dir='ltr'><strong>manus?</strong></span> 
     </span>
    </p>

    <p class='ocr_par' dir='ltr' id='par_1_9' title="bbox 355 3147 1107 3318">
     <span class='ocr_line' id='line_1_31' title="bbox 355 3147 1107 3232; baseline -0.005 -19"><span class='ocrx_word' id='word_1_185' title='bbox 355 3158 397 3213; x_wconf 87' lang='lat' dir='ltr'><strong>At</strong></span> <span class='ocrx_word' id='word_1_186' title='bbox 418 3154 474 3211; x_wconf 90' lang='lat' dir='ltr'><strong>tibi</strong></span> <span class='ocrx_word' id='word_1_187' title='bbox 495 3156 527 3212; x_wconf 92' lang='lat' dir='ltr'><strong>in</strong></span> <span class='ocrx_word' id='word_1_188' title='bbox 549 3167 678 3232; x_wconf 80' lang='lat' dir='ltr'><strong>augusto</strong></span> <span class='ocrx_word' id='word_1_189' title='bbox 701 3155 821 3212; x_wconf 90' lang='lat' dir='ltr'><strong>culmen</strong></span> <span class='ocrx_word' id='word_1_190' title='bbox 841 3147 969 3214; x_wconf 85' lang='lat' dir='ltr'><strong>sublime</strong></span> <span class='ocrx_word' id='word_1_191' title='bbox 993 3151 1107 3214; x_wconf 85' lang='lat' dir='ltr'><strong>Senatu</strong></span> 
     </span>
     <span class='ocr_line' id='line_1_32' title="bbox 396 3238 1027 3318; baseline 0.002 -21"><span class='ocrx_word' id='word_1_192' title='bbox 396 3238 502 3299; x_wconf 90' lang='lat' dir='ltr'><strong>Firma</strong></span> <span class='ocrx_word' id='word_1_193' title='bbox 524 3240 717 3318; x_wconf 88' lang='lat' dir='ltr'><strong>spondebant</strong></span> <span class='ocrx_word' id='word_1_194' title='bbox 735 3241 837 3298; x_wconf 87' lang='lat' dir='ltr'><strong>omina</strong></span> <span class='ocrx_word' id='word_1_195' title='bbox 859 3249 940 3298; x_wconf 89' lang='lat' dir='ltr'><strong>certa</strong></span> <span class='ocrx_word' id='word_1_196' title='bbox 958 3239 1027 3298; x_wconf 88' lang='lat' dir='ltr'><strong>fide.</strong></span> 
     </span>
    </p>

    <p class='ocr_par' dir='ltr' id='par_1_10' title="bbox 355 3323 1197 3487">
     <span class='ocr_line' id='line_1_33' title="bbox 355 3323 1197 3399; baseline 0 -17"><span class='ocrx_word' id='word_1_197' title='bbox 355 3323 395 3382; x_wconf 84' lang='lat' dir='ltr'><strong>Et</strong></span> <span class='ocrx_word' id='word_1_198' title='bbox 417 3325 472 3382; x_wconf 92' lang='lat' dir='ltr'><strong>tibi</strong></span> <span class='ocrx_word' id='word_1_199' title='bbox 492 3327 605 3385; x_wconf 92' lang='lat' dir='ltr'><strong>adhoc</strong></span> <span class='ocrx_word' id='word_1_200' title='bbox 628 3325 734 3398; x_wconf 91' lang='lat' dir='ltr'><strong>virtus,</strong></span> <span class='ocrx_word' id='word_1_201' title='bbox 757 3335 789 3384; x_wconf 89' lang='lat' dir='ltr'><strong>et</strong></span> <span class='ocrx_word' id='word_1_202' title='bbox 809 3326 870 3383; x_wconf 90' lang='lat' dir='ltr'><strong>vita</strong></span> <span class='ocrx_word' id='word_1_203' title='bbox 889 3325 1009 3383; x_wconf 87' lang='lat' dir='ltr'><strong>exculta</strong></span> <span class='ocrx_word' id='word_1_204' title='bbox 1030 3343 1084 3399; x_wconf 88' lang='lat' dir='ltr'><strong>per</strong></span> <span class='ocrx_word' id='word_1_205' title='bbox 1104 3328 1197 3394; x_wconf 86' lang='lat' dir='ltr'><strong>artes,</strong></span> 
     </span>
     <span class='ocr_line' id='line_1_34' title="bbox 398 3407 1125 3487; baseline 0 -23"><span class='ocrx_word' id='word_1_206' title='bbox 398 3407 552 3486; x_wconf 81' lang='lat' dir='ltr'><strong>Famaque</strong></span> <span class='ocrx_word' id='word_1_207' title='bbox 575 3414 613 3471; x_wconf 97' lang='lat' dir='ltr'><strong>ab</strong></span> <span class='ocrx_word' id='word_1_208' title='bbox 636 3411 768 3487; x_wconf 90' lang='lat' dir='ltr'><strong>antiquis</strong></span> <span class='ocrx_word' id='word_1_209' title='bbox 789 3412 885 3470; x_wconf 88' lang='lat' dir='ltr'><strong>missa</strong></span> <span class='ocrx_word' id='word_1_210' title='bbox 906 3410 1027 3468; x_wconf 85' lang='lat' dir='ltr'><strong>favebat</strong></span> <span class='ocrx_word' id='word_1_211' title='bbox 1050 3407 1125 3478; x_wconf 86' lang='lat' dir='ltr'><strong>avis,</strong></span> 
     </span>
    </p>

    <p class='ocr_par' dir='ltr' id='par_1_11' title="bbox 355 3490 1178 3573">
     <span class='ocr_line' id='line_1_35' title="bbox 355 3490 1178 3573; baseline -0.004 -22"><span class='ocrx_word' id='word_1_212' title='bbox 355 3492 397 3551; x_wconf 83' lang='lat' dir='ltr'><strong>Et</strong></span> <span class='ocrx_word' id='word_1_213' title='bbox 419 3490 555 3570; x_wconf 86' lang='lat' dir='ltr'><strong>Genitor,</strong></span> <span class='ocrx_word' id='word_1_214' title='bbox 578 3518 666 3573; x_wconf 92' lang='lat' dir='ltr'><strong>quem</strong></span> <span class='ocrx_word' id='word_1_215' title='bbox 689 3498 715 3556; x_wconf 91' lang='lat' dir='ltr'><strong>si</strong></span> <span class='ocrx_word' id='word_1_216' title='bbox 737 3498 793 3554; x_wconf 87' lang='lat' dir='ltr'><strong>tibi</strong></span> <span class='ocrx_word' id='word_1_217' title='bbox 813 3517 872 3555; x_wconf 89' lang='lat' dir='ltr'><strong>non</strong></span> <span class='ocrx_word' id='word_1_218' title='bbox 892 3495 1010 3553; x_wconf 88' lang='lat' dir='ltr'><strong>Natura</strong></span> <span class='ocrx_word' id='word_1_219' title='bbox 1033 3491 1178 3563; x_wconf 90' lang='lat' dir='ltr'><strong>dedisset,</strong></span> 
     </span>
    </p>
   </div>
   <div class='ocr_carea' id='block_1_4' title="bbox 358 3576 1175 3737">
    <p class='ocr_par' dir='ltr' id='par_1_12' title="bbox 358 3576 1175 3737">
     <span class='ocr_line' id='line_1_36' title="bbox 399 3576 1084 3653; baseline -0.006 -19"><span class='ocrx_word' id='word_1_220' title='bbox 399 3576 431 3634; x_wconf 87' lang='lat' dir='ltr'><strong>Is</strong></span> <span class='ocrx_word' id='word_1_221' title='bbox 453 3581 568 3642; x_wconf 89' lang='lat' dir='ltr'><strong>meritis</strong></span> <span class='ocrx_word' id='word_1_222' title='bbox 593 3583 687 3641; x_wconf 89' lang='lat' dir='ltr'><strong>animi</strong></span> <span class='ocrx_word' id='word_1_223' title='bbox 705 3584 764 3639; x_wconf 86' lang='lat' dir='ltr'><strong>iarn</strong></span> <span class='ocrx_word' id='word_1_224' title='bbox 789 3590 858 3640; x_wconf 91' lang='lat' dir='ltr'><strong>tuus</strong></span> <span class='ocrx_word' id='word_1_225' title='bbox 882 3598 951 3638; x_wconf 89' lang='lat' dir='ltr'><strong>esse</strong></span> <span class='ocrx_word' id='word_1_226' title='bbox 972 3583 1084 3653; x_wconf 87' lang='lat' dir='ltr'><strong>potest.</strong></span> 
     </span>
     <span class='ocr_line' id='line_1_37' title="bbox 358 3657 1175 3737; baseline -0.006 -17"><span class='ocrx_word' id='word_1_227' title='bbox 358 3660 404 3720; x_wconf 84' lang='lat' dir='ltr'><strong>Te</strong></span> <span class='ocrx_word' id='word_1_228' title='bbox 426 3661 557 3737; x_wconf 90' lang='lat' dir='ltr'><strong>primum</strong></span> <span class='ocrx_word' id='word_1_229' title='bbox 580 3668 660 3725; x_wconf 88' lang='lat' dir='ltr'><strong>sacri</strong></span> <span class='ocrx_word' id='word_1_230' title='bbox 680 3665 797 3726; x_wconf 86' lang='lat' dir='ltr'><strong>Genius</strong></span> <span class='ocrx_word' id='word_1_231' title='bbox 822 3663 946 3722; x_wconf 88' lang='lat' dir='ltr'><strong>Themis</strong></span> <span class='ocrx_word' id='word_1_232' title='bbox 968 3660 1049 3718; x_wconf 81' lang='lat' dir='ltr'><strong>alma</strong></span> <span class='ocrx_word' id='word_1_233' title='bbox 1070 3657 1175 3718; x_wconf 89' lang='lat' dir='ltr'><strong>Senati</strong></span> 
     </span>
    </p>
   </div>
   <div class='ocr_carea' id='block_1_5' title="bbox 0 0 1551 4492">
    <p class='ocr_par' dir='ltr' id='par_1_13' title="bbox 0 0 1551 4492">
     <span class='ocr_line' id='line_1_38' title="bbox 0 0 1551 4492; baseline 0 0"><span class='ocrx_word' id='word_1_234' title='bbox 0 0 1551 4492; x_wconf 95' lang='lat' dir='ltr'><strong> </strong></span> 
     </span>
    </p>
   </div>
  </div>
 </body>
</html>
