3059 4492
649 459 801 554 *as—e—

266 634 422 693 Murmnra
438 628 573 706 pulvinis
594 629 680 704 ripae
704 627 871 686 alludentia
890 627 1055 705 frangenst

267 719 368 792 Atque
390 713 544 774 exercitiis
567 713 651 774 sudis
674 712 833 789 pellacibu’
858 712 978 784 ludens,

266 801 408 862 Navibus
431 799 582 870 exultans,
608 813 758 875 pecorosa
779 798 850 857 laea
870 797 995 855 humida
1014 797 1159 859 lustrans.

269 888 296 948 O
319 894 419 945 mater
436 883 578 956 Veneris,
604 883 782 942 nebularum
803 890 900 940 mater
921 889 1074 956 ovantum,

267 973 307 1033 Et
327 970 458 1030 fontium
482 967 687 1045 omnigenum,
708 968 874 1042 liquentum
895 969 1039 1027 suavibus
1061 969 1169 1028 undis:

268 1057 338 1116 Hue
361 1055 446 1114 adsis
467 1053 569 1126 nobis,
589 1062 619 1111 et
638 1053 751 1112 blanda
772 1053 900 1111 illabere
919 1053 1011 1125 votis,

267 1141 408 1201 Navibus
426 1139 590 1198 immittens
614 1139 781 1198 animarum
804 1139 927 1195 flamina
949 1137 1034 1196 suda.

475 1311 589 1366 Terenti
615 1307 700 1366 Consi
718 1309 858 1384 suffimen,
880 1327 988 1366 murra.
1140 1307 1182 1366 22

269 1397 298 1457 0
321 1394 373 1470 qui
398 1393 482 1451 salsa
502 1402 588 1452 tenes
611 1393 718 1468 liquidi
737 1393 908 1469 penetralia
928 1390 1042 1463 mundi,

269 1479 495 1556 Quinquaginta
515 1497 576 1536 una
596 1478 683 1555 pusis
706 1498 762 1555 per
784 1477 905 1536 caerula
925 1477 1072 1555 gaudens,

268 1650 446 1710 Fundamen
469 1643 567 1719 mari',
590 1667 694 1725 margo
716 1656 826 1721 terrae,
835 1648 1017 1724 principium
1034 1648 1181 1707 omnium:

270 1736 331 1812 Qui
352 1733 462 1792 meliri’
486 1740 595 1792 statum
613 1741 722 1806 terrae,
743 1753 810 1792 eum
833 1733 949 1792 scilieet
963 1752 1055 1792 -arees

268 1821 306 1878 In
327 1819 429 1878 caveis
454 1818 524 1876 olim
544 1817 738 1896 indignantes
762 1837 915 1876 murmure
935 1817 1063 1876 Cauros.

269 1904 332 1966 Sed
353 1912 454 1963 motus
474 1912 572 1961 terrae
591 1922 773 1976 ,averrunea
794 1910 825 1960 et
844 1903 929 1960 mitte
950 1903 1097 1961 ministris

268 1990 468 2061 Fluminibus,
489 2005 655 2064 petamque
677 1995 706 2046 et
728 2007 818 2065 opes,
834 1987 986 2064 ditemque
1009 1988 1149 2048 salutem.

383 2158 571 2216 selectarum
590 2158 750 2216 Nerienem
768 2158 909 2234 suffimen,
928 2168 1071 2217 aromata.
1141 2159 1182 2218 23

268 2244 381 2304 Pallae
405 2243 574 2314 caeruleae,
595 2241 701 2316 liquidi
722 2260 798 2319 gens
819 2241 933 2300 blanda
952 2243 1087 2316 Terenti,

268 2328 448 2400 Aedieolae,
470 2328 589 2400 Latiae,
611 2326 817 2402 ludicraeque,
839 2328 1009 2400 fluitantes3

270 2413 499 2492 Quinquaginta
517 2429 599 2490 vago·
616 2412 769 2470 satuentes
792 2431 943 2472 marmore
962 2433 1057 2488 pusae
1090 2481 1093 2486 1

269 2501 431 2558 Tritonum
455 2517 558 2556 eumue
579 2504 732 2578 seutentes
753 2517 845 2572 pone,
867 2498 1019 2557 inhiantes

270 2583 432 2648 Semiferis
455 2582 564 2642 Geniis
583 2601 657 2656 quos
677 2582 791 2641 vitreus
812 2582 919 2641 educat
935 2585 1059 2644 humor:

268 2674 371 2747 Atque
390 2667 459 2728 aliis
482 2668 651 2744 quicunque
672 2667 777 2726 uolunt
795 2667 942 2742 liquentia
961 2678 1072 2743 eastra,

269 2753 453 2827 Undicolae,
474 2752 561 2826 Salii,
583 2751 748 2812 lustrantes
772 2753 896 2830 agmina
916 2774 1072 2830 aquarum,

268 2839 435 2917 Undivagi,
457 2838 563 2914 liquidi
585 2837 743 2914 Delphini,
765 2839 874 2916 glauca
895 2848 1043 2914 tuentes,

269 2927 334 2984 Vos
352 2945 407 2985 oro
429 2943 569 3001 maguam
592 2942 699 2999 copem
717 2943 782 2982 rem
805 2933 883 2984 cette
904 2925 1053 2986 Camillis.

268 3011 352 3070 Nam
373 3030 430 3070 vos
451 3010 532 3068 festa
550 3009 695 3086 coegistis
717 3008 846 3068 Comitia
867 3011 982 3086 primae

268 3097 376 3156 Liberi
397 3095 528 3172 augusti,
550 3101 580 3152 et
599 3094 729 3152 Liberae
756 3095 908 3171 augustei,

268 3182 400 3241 Lucinia
419 3199 486 3238 cum
506 3188 611 3251 matre,
634 3187 664 3237 et
686 3180 864 3255 Apollinare
884 3180 1092 3257 induperante.

377 3401 380 3407 Δ
469 3355 540 3410 Iaaa'
561 3353 638 3412 Mau
658 3352 799 3426 suffimen,
821 3362 971 3410 etarueem.
1142 3349 1181 3409 2⁴
1241 3422 1243 3427 Ι

270 3437 318 3494 Te
340 3438 406 3496 calo
425 3445 551 3496 naturae
575 3436 676 3495 salsae
695 3437 810 3494 Maium
830 3439 1043 3508 aedituentem,

268 3522 486 3600 Primigenam,
509 3522 560 3598 qui
579 3529 718 3579 naturam
741 3523 803 3599 egit
819 3522 852 3580 in
874 3524 961 3581 ordia
980 3521 1090 3598 prima,

270 3607 464 3668 Omnimodis
482 3615 602 3666 mutans
625 3625 713 3665 saura
734 3607 860 3666 foedera
883 3607 1031 3679 materiai,

268 3693 413 3772 Famiger
438 3702 468 3752 et
490 3692 665 3766 Consentis,
687 3692 803 3753 callens
825 3694 929 3752 omnia
948 3711 1027 3771 quae
1047 3700 1129 3768 sunt,
