3059 4492
707 444 770 506 399

281 617 375 676 Adsis
392 614 464 687 Dia,
485 615 637 674 hominum
656 616 801 692 frangens
821 613 949 672 audacia
968 614 1061 686 faeta,

281 701 323 764 Ut
341 719 464 777 semper
485 700 596 760 iustam
617 720 714 776 aequa
735 701 836 758 ferant
856 698 987 776 vestigia
1008 700 1111 770 vitam,

283 785 426 847 Omnium
448 785 499 860 qui
520 794 617 844 terrae
636 793 800 845 vescuntur
820 803 944 843 munere
966 784 1083 862 opimo,

281 875 379 947 Atque
392 871 579 928 animantum
591 871 694 944 alium,
719 889 857 946 quaeque
873 869 981 927 educat
991 869 1196 944 omniparenli

281 957 371 1017 Alma
392 956 461 1014 sinu
482 955 586 1028 tellus,
605 964 636 1013 et
656 974 733 1030 quae
752 955 845 1014 maris
868 973 1036 1030 aequoreus
1060 954 1130 1014 Dis.

620 1123 710 1200 Lapis
729 1144 852 1182 eumen.
1153 1125 1193 1184 63

281 1210 481 1287 Goeligenum
494 1217 583 1284 atque
596 1208 748 1268 hominum
763 1210 885 1286 genium
898 1217 928 1266 te
938 1208 1021 1266 Diva
1032 1227 1109 1267 roeo
1117 1209 1194 1282 Lex,

281 1295 464 1368 coelestem,
487 1293 783 1366 astrifioem,·rerum
804 1313 964 1352 commune
988 1294 1137 1372 sigillum

281 1365 401 1452 Terrai,
425 1379 569 1454 aequorei
590 1375 669 1452 sali',
691 1387 877 1456 naturaeque
899 1387 1060 1438 statumen.

203 1463 207 1480 '
281 1465 417 1526 Consors
440 1473 470 1521 et
492 1470 633 1522 constans
657 1483 785 1523 servans
809 1466 886 1523 bene
905 1464 1024 1541 legibus
1046 1473 1161 1541 aptum,

267 1550 358 1624 ‚Quis
380 1559 413 1607 tu
434 1549 461 1608 is
483 1567 666 1625 componens
687 1550 767 1608 coeli
786 1549 971 1609 immortalia
989 1550 1067 1621 iura,

279 1637 319 1695 Et
338 1629 435 1710 'quati'
459 1633 625 1693 sublestam
646 1635 792 1693 invidiam
814 1633 964 1713 uertigini’
985 1635 1062 1693 ritu:

281 1721 341 1797 Qui
366 1722 445 1780 bona
466 1719 520 1776 das
539 1719 619 1776 vitae
639 1716 811 1778 mortalibu'
832 1721 935 1778 munia
955 1720 1049 1778 obire.

281 1805 358 1866 Sola
375 1804 486 1863 etenim
508 1804 663 1862 moderare
680 1804 867 1862 animantum
890 1813 999 1864 cuneta
1018 1806 1166 1882 guberna,

281 1889 428 1951 Consiliis
450 1908 576 1948 cernens
599 1891 869 1948 observantissima
890 1890 995 1948 rectis:

281 1975 391 2048 Casca,
413 1982 550 2050 experta,
571 1993 671 2033 eomes
694 1975 784 2033 iustis
803 1975 929 2033 innoxia
950 1993 1080 2051 semper,

280 2061 476 2135 Iniustosque
495 2059 681 2120 labefaciens
703 2056 870 2138 ingentibu’
893 2061 991 2118 noxis.

281 2145 343 2206 Sed
366 2145 541 2204 veneranda
553 2145 736 2220 opulentifer
751 2146 883 2204 omnium
900 2163 1028 2203 amoena
1039 2144 1191 2220 voluptas,
1293 2157 1304 2179 ⁰

280 2231 343 2290 Fao
361 2231 405 2288 tui
426 2248 480 2288 nos
500 2249 658 2302 memores,
683 2232 825 2307 aspirans
851 2250 963 2290 nomen
982 2229 1121 2287 amioum.

547 2400 692 2458 Mauortis
713 2402 854 2476 suffimen,
873 2410 928 2459 tas.
1154 2398 1195 2457 64

281 2484 486 2562 Magnanimo,
495 2483 775 2560 impavids,inviote
783 2494 873 2561 atque
887 2485 1053 2561 asperrime
1063 2486 1194 2555 Mavors,

282 2570 444 2642 Indomita,
468 2569 664 2646 armipotens,
681 2570 844 2646 parricida,
865 2572 1067 2648 impetimure,

281 2655 457 2732 Marspiter,
477 2675 495 2712 o
518 2656 734 2730 crepericrepe,
755 2657 829 2714 tabo
853 2665 883 2714 et
902 2656 1049 2734 sanguiue
1063 2655 1194 2726 stillans,

283 2739 448 2818 Sanguinis
473 2741 597 2797 humani
618 2740 725 2800 sitiens
740 2741 918 2819 bellierepe,
937 2750 1034 2814 torve,

281 2826 429 2896 Ensibus,
451 2832 540 2899 atque
562 2826 725 2884 inamoena
744 2828 849 2887 colens
871 2828 1038 2886 certamina
1059 2826 1160 2884 runis:

283 2910 367 2972 Siste
388 2909 531 2982 duellum,
555 2918 585 2968 et
608 2911 758 2970 cordolios
783 2913 940 2988 requiesce
958 2912 1115 2982 tumultus,

282 2997 379 3070 Inque
400 2996 576 3054 venustatis
595 2996 694 3067 divae,
718 3005 748 3054 et
771 2997 876 3055 Brumi
899 2998 961 3056 otia
982 2997 1042 3068 dia,

282 3082 325 3141 Et
345 3100 454 3140 munus
476 3079 603 3138 Cereale
624 3080 718 3138 duelli
739 3081 841 3138 eonfer
863 3101 1010 3152 amorem3

284 3165 413 3241 Semper
428 3185 535 3242 paoem
555 3173 674 3241 optans,
700 3166 811 3224 victum
834 3175 864 3224 et
885 3187 919 3224 re
939 3186 1014 3243 eope
1032 3167 1192 3244 vigentem.

488 3336 608 3396 Volcani
626 3337 766 3412 suffimen,
786 3338 1000 3394 libunomaaua.
1153 3335 1192 3394 65

282 3419 417 3478 Volsone
440 3421 644 3497 omnipotens,
665 3421 843 3493 fortissime,
871 3423 1050 3495 flammaque
1069 3438 1192 3497 perpes,

284 3505 393 3582 Ignitis
418 3507 530 3565 florens
551 3507 643 3579 auris,
665 3503 802 3565 Lucetiu'
824 3506 905 3580 dius,

281 3589 442 3664 Lacerius,
462 3592 590 3666 Viriats,
613 3590 698 3650 Nero
720 3600 855 3665 aeterne,
882 3591 1109 3668 artipotensque

281 3674 464 3753 Fenilaber,
485 3696 653 3755 purumque
672 3676 863 3752 elementum,
874 3671 1120 3755 portiomundi,
