3059 4492
677 492 737 550 331

250 656 374 715 Efflant.
398 658 521 735 Agesis,
541 661 676 735 quisquis
697 664 811 721 amicus

251 743 333 801 Ades
355 741 405 799 hic
426 762 584 818 praesens,
608 766 751 823 propera,
775 765 880 804 cume:

249 826 396 903 Impende
417 828 482 886 viro
509 829 581 888 forti
599 831 739 890 officium.

250 915 295 972 Ac
314 931 407 971 nemo
428 913 559 987 quidem,
582 916 668 990 queis
690 917 811 992 loquor,
833 918 936 973 horum

249 998 345 1056 Aiace
368 996 426 1053 fuit
447 998 555 1058 melior
576 1001 631 1058 vir.

252 1080 306 1140 Ch.
354 1081 451 1158 Quam
475 1084 570 1142 multa
589 1085 663 1144 viris
684 1086 755 1143 licet
777 1084 912 1162 expertis

250 1167 381 1224 Temere
404 1167 531 1226 discere.
556 1170 611 1228 sed
632 1170 810 1246 inexpertus

169 1313 170 1348 ,
249 1251 427 1329 Praesagus
450 1273 538 1312 nemo
561 1255 653 1312 futuri
677 1265 731 1314 est.

429 1497 712 1624 ulctlflsttls
738 1497 984 1592 trissitant.

169 1689 170 1696 ยน
250 1666 459 1742 Quaecunque
478 1669 591 1744 poscis,
612 1669 716 1726 ultima
737 1688 777 1726 ex
800 1668 918 1744 origine

248 1750 349 1809 Plane
369 1753 534 1827 expedibo:
558 1754 613 1812 sed
634 1763 735 1811 tamen
756 1753 908 1828 prolixius

248 1836 366 1894 Parcas
385 1837 534 1916 loquenti:
558 1859 619 1897 non
644 1839 723 1898 enim
742 1838 839 1915 virgo,
860 1845 894 1894 ut
916 1836 1012 1913 prius,

250 1919 367 1981 Secura
388 1921 477 1980 solvit
498 1923 658 2000 multiplex
681 1942 716 1982 os
735 1923 910 1993 carminum,

250 2005 314 2067 Sed
338 2015 367 2064 et
389 2007 545 2071 tumultum
573 2008 731 2080 murmuris
755 2007 841 2064 multi
865 2008 960 2078 ciens,
1180 2011 1198 2064 5

249 2090 475 2168 Superstitiosa
494 2093 582 2150 fauce
606 2094 752 2151 bacchata
773 2101 821 2151 est
836 2111 955 2164 sonum,

249 2177 480 2235 Tenebricosae
501 2179 596 2236 verba
618 2177 763 2255 Sphingis
785 2176 960 2235 aemulans:

249 2260 386 2335 Quorum
409 2282 524 2321 mernor
541 2282 626 2322 mens
659 2281 735 2337 quae
757 2263 831 2319 mihi
853 2281 932 2320 nunc
956 2259 1101 2337 suggerit,

247 2347 385 2406 Adverte
405 2346 486 2420 Rex,
509 2357 679 2423 putansque
698 2355 798 2404 mente
820 2348 950 2424 singula,

247 2432 400 2491 Percurre
424 2432 588 2491 dictionum
602 2433 844 2491 inobservabiles

250 2515 399 2578 Scrutans
422 2535 573 2590 camenas,
596 2537 656 2593 qua
679 2517 825 2594 expedita
845 2519 952 2576 semita

247 2602 298 2660 Ad
317 2602 442 2678 planam
463 2604 581 2679 ineptos
605 2602 686 2660 ducit
709 2621 827 2661 errores
850 2604 939 2662 viam.

247 2687 317 2764 Ego
341 2695 372 2745 at
394 2687 506 2746 solutis
533 2707 682 2746 carcerum
704 2687 858 2764 repagulis

247 2773 420 2830 Verborum
444 2773 534 2831 obibo
555 2773 711 2832 flexuosos
732 2774 879 2847 tramites,

246 2856 443 2932 Primumque
466 2857 595 2934 pulsans
617 2859 769 2936 oppidum,
793 2867 825 2916 ut
848 2875 954 2916 cursor
976 2855 1071 2940 celer,
1183 2865 1214 2916 15

246 2943 367 3000 Matuta
389 2941 547 3020 Fagntalis
570 2943 648 3002 arcis
672 2943 816 3017 culmina

249 3025 329 3086 citis
352 3027 570 3103 supervolabat
592 3028 649 3086 alis
669 3028 794 3104 Pegasi,

249 3110 381 3170 Cascam
401 3113 538 3170 maritum
561 3112 700 3189 proxime
722 3111 851 3170 (lernam
873 3113 1004 3170 insulam

248 3193 336 3255 Tora
360 3196 546 3272 relinquens,
569 3198 742 3274 bigonerem
765 3197 889 3254 fratrem
914 3205 1011 3256 tuum:

247 3281 487 3357 Tranquillaque
511 3283 590 3341 ocris
610 3283 734 3340 concavi
754 3283 910 3340 ancoralia
1180 3287 1215 3340 20

246 3365 371 3425 Nautae
394 3367 529 3440 luebant,
551 3375 641 3443 atque
663 3367 787 3426 tonsilla
808 3375 910 3426 tenus:

246 3451 449 3510 Puellicidam
473 3460 502 3509 et
526 3453 732 3530 vermigradae
755 3451 904 3512 Salaciam

249 3535 359 3613 Scapis
381 3537 512 3595 ruebant
532 3557 548 3594 e
568 3537 762 3596 columbariis
788 3538 852 3595 suis

248 3621 461 3682 Ciconivestes
482 3622 613 3698 papulae
638 3622 828 3694 Phalacria'e,

247 3709 336 3768 Ultra
357 3705 512 3783 Calydnas
537 3709 727 3766 obstinentes
748 3707 910 3783 palmulas,
