3059 4492
769 535 808 593 24

336 704 450 762 Bidens
472 703 579 774 amica,
603 711 692 761 nocte
717 705 854 780 pantices
876 704 1010 762 solvens.
1048 739 1051 749 ι

303 809 306 816 ·
336 793 378 848 At
397 807 465 846 cum
488 787 663 863 coquendae
687 796 808 866 tempus
832 789 949 865 appetit
970 807 1095 861 coenae,

336 875 380 935 Ut
404 881 577 931 exstruatur
598 872 700 949 lignea
720 875 807 932 focus
835 875 938 944 caede,

338 958 430 1035 (Quis
452 977 524 1035 ergo
549 957 670 1016 damnet
689 966 729 1032 te,
753 959 927 1036 Lycurgei)
952 958 1140 1018 Moncaudus

338 1043 521 1102 Exeodieari
542 1042 662 1100 vineam
683 1044 777 1116 iubet,
801 1045 877 1102 vites

340 1128 456 1189 Caesae
479 1128 583 1186 voraci
603 1128 654 1184 dat
675 1128 835 1206 benignius
857 1129 1012 1186 flammae:

286 1279 290 1284 ,
338 1215 378 1273 Et
400 1213 452 1291 qui
475 1210 535 1271 suo'
551 1231 672 1270 crevere
694 1213 806 1271 Libero
829 1213 936 1286 hunci,

340 1298 441 1359 Ceteri
461 1298 546 1356 iubet
565 1298 667 1374 perire
687 1298 791 1356 Liberi
810 1307 905 1356 vates.

338 1383 409 1442 Non
431 1383 493 1441 alia
508 1400 625 1455 mensa,
645 1401 734 1457 quam
756 1383 805 1441 vel
827 1384 915 1442 unius
942 1390 1045 1441 custos

339 1470 465 1528 Pluteus
488 1467 607 1544 papyri,
629 1468 679 1524 vel
702 1470 792 1526 duum
814 1467 992 1526 libellorum.

339 1556 442 1626 Abu,
465 1560 494 1610 et
514 1552 594 1609 idem
617 1560 664 1611 est
676 1553 807 1628 pluteus.
830 1554 899 1610 huic
910 1571 991 1628 penu
1006 1552 1099 1630 longo

341 1638 416 1698 Non
435 1638 619 1714 integrarum
639 1639 741 1697 fictilis
765 1639 945 1716 patellarum

340 1727 430 1784 Astat
452 1721 604 1798 supellex:
631 1731 732 1782 curtus
754 1743 880 1782 urceus:
902 1721 998 1798 pelvis

340 1808 489 1868 Dimidia:
511 1816 601 1883 rupto
624 1806 720 1865 latere
741 1808 838 1868 futilis
862 1816 981 1886 guttus3

342 1894 506 1968 Triumque
528 1892 682 1967 quondam
704 1894 861 1952 nasiterna
882 1911 1040 1951 nasorum:

342 1979 493 2038 Necnon
514 1976 639 2034 matella
663 1997 730 2035 cum
754 1998 861 2038 sorore
885 1986 1025 2050 creterra,

343 2063 497 2141 (Namque
516 2063 592 2120 haec
614 2063 728 2121 bibenti
750 2066 853 2136 servit,
875 2063 929 2121 illa
953 2063 1101 2136 meienti.)

342 2150 423 2210 Huic
444 2166 521 2207 ansa
544 2148 645 2224 periit,
667 2149 722 2206 illa
744 2170 806 2208 non
830 2150 921 2206 habet
941 2147 1080 2206 limbum:

341 2234 471 2310 Aquale,
492 2233 600 2305 lutum,
622 2234 723 2306 trulla,
744 2233 889 2311 pollulum
910 2233 1037 2292 labrum.

342 2322 384 2379 At
403 2320 435 2376 in
454 2317 597 2394 quasillo,
619 2319 671 2394 qui
691 2319 836 2395 pependit
855 2339 871 2376 e
892 2319 984 2395 tigno,

344 2404 473 2465 Semesa
492 2422 599 2480 perna,
623 2405 764 2479 caseique
785 2404 950 2476 buccellae,

342 2489 527 2549 Examinum
549 2498 614 2544 atra
636 2489 868 2547 verminantium
890 2488 977 2546 cella.

339 2575 383 2633 Et
404 2575 436 2631 in
461 2573 584 2644 tabella,
606 2574 806 2648 proximoque
828 2573 955 2650 paxillo,

343 2658 489 2717 Frustilla
509 2657 649 2733 pridiana
671 2659 772 2717 carnis
795 2661 950 2730 ambesae,

345 2744 495 2802 Analecta
513 2760 596 2814 rosa,
619 2752 648 2799 et
671 2743 734 2801 olla
753 2744 827 2802 iuris
853 2741 998 2813 hesterni,

345 2828 563 2886 Lucanicorum
586 2827 716 2886 circulus
738 2827 933 2900 botellorum,

344 2914 403 2972 Vel
416 2914 491 2971 lanx
513 2912 623 2984 omasi,
651 2911 698 2970 vel
719 2914 836 2972 catinus
859 2913 1013 2971 hillarum:

346 2998 444 3073 Quae,
463 2996 621 3074 pridianae
642 3016 708 3054 cum
731 2999 872 3075 poeticen
894 3000 1002 3056 Musae

344 3084 523 3156 Destertuit,
545 3080 675 3140 conviva
697 3092 838 3142 strenuus
860 3083 956 3161 glutit.

346 3168 492 3246 Capsella
515 3169 630 3226 subtus·
654 3169 711 3225 hac
733 3176 859 3246 reposta
883 3177 1021 3227 servatur

345 3255 535 3313 Poeticorum
562 3254 715 3329 synthesis
737 3253 925 3323 libellorum3

346 3337 483 3412 Servata,
503 3358 560 3398 nec
584 3347 715 3411 servata,
738 3340 879 3413 quatinus
902 3355 1023 3415 semper

345 3423 405 3481 Illa
426 3424 568 3500 inquilini
589 3424 704 3501 scripta
724 3431 883 3500 permeant
904 3442 1020 3493 mures:
1064 3435 1069 3446 ·

326 3504 328 3507 ’
347 3508 466 3584 Quibus
488 3511 581 3568 refert
601 3510 790 3568 Moncaudus
810 3527 887 3568 unus
912 3515 1077 3582 acceptum,

348 3593 439 3669 Quod
460 3595 584 3671 scripsit
601 3594 663 3654 illis
690 3595 752 3667 illa,
776 3615 839 3655 non
865 3593 923 3653 sibi
944 3598 1069 3649 tantum.

346 3678 467 3736 Deinde
484 3677 664 3754 ploxenum,
687 3689 718 3738 et
737 3680 902 3739 forensium
919 3683 1023 3733 custos

349 3763 546 3823 Litieularum
568 3762 672 3842 bulga,
694 3784 770 3839 quas
792 3772 821 3822 et
842 3764 869 3821 is
892 3779 960 3818 raro
