3059 4492
744 487 895 582 „³14-

363 659 576 736 Terrigenamz
599 658 747 735 sirempse
760 671 850 732 voco,
865 675 1102 734 aequoreamque
1116 657 1279 734 Paludem,

362 745 403 806 Et
424 744 600 803 vitulantem
619 744 699 801 inter
719 742 825 822 nigros
846 744 994 801 Lemures
1014 743 1192 816 Libitinam,
1270 753 1273 756 ’

363 829 449 903 Quae
468 829 538 888 looa
558 836 646 888 vasta
666 828 749 901 colit,
779 847 936 887 cervorum
957 846 1095 905 sanguen
1114 827 1259 902 adulans,

359 914 563 989 Omnipotens
584 914 702 991 regina,
722 911 864 986 Carraria,
885 911 1005 971 Noctua
1025 914 1122 990 virgo,

363 998 493 1072 Cornea,
515 998 780 1076 perpetuimundi
803 997 934 1074 Bup‘etia
955 1005 1072 1070 saneta,
1132 1032 1137 1047 r

361 1084 447 1158 Dux,
469 1085 544 1157 vira,
566 1083 688 1156 Rumia,
711 1083 794 1142 Diva
811 1102 926 1161 vagans
948 1101 1004 1158 per
1024 1101 1153 1158 scrupea
1173 1101 1263 1155 saxa,

362 1170 446 1228 Mitis
469 1169 514 1227 uti
536 1168 651 1228 nostris
673 1169 795 1228 intersit
817 1168 946 1227 eandida
968 1168 1060 1240 votis,
1194 1227 1199 1236 ,

362 1254 498 1313 Numina
516 1253 671 1331 praesenti
693 1261 817 1331 gratans
838 1255 921 1312 bona
940 1253 1043 1312 fausta
1062 1252 1205 1310 bubulco.

547 1420 663 1501 orphei
683 1421 930 1502 indigitamenta
950 1422 1094 1484 Deorum

366 1510 377 1563 1
491 1506 815 1566 CorsiaeLimentiaoe
836 1510 990 1578 Feroniae,
1013 1518 1164 1566 storacem

362 1591 457 1650 Adsis
482 1611 499 1650 ο
520 1590 692 1652 veneranda
713 1593 823 1662 Deum,
842 1594 974 1651 Maiesta
995 1590 1136 1664 Camilla,

361 1675 526 1734 Foetarum
547 1677 677 1749 tutilina,
701 1686 731 1736 et
752 1678 870 1736 Lucina
891 1679 1059 1736 dolentum:

364 1759 491 1838 Sospita
512 1761 653 1820 foeminei
677 1764 754 1837 sexi,
779 1764 918 1822 studiosa
937 1762 1093 1840 propagis,

362 1844 551 1920 Nummeria,
574 1855 663 1923 atque
684 1849 773 1907 novis
791 1850 894 1926 nuptis
913 1848 983 1906 Dea
995 1847 1128 1906 Foroula
1139 1865 1277 1922 praeses.

363 1929 492 2006 Cornea,
514 1931 682 2008 perfacilis,
700 1934 858 2006 Pioumna,
884 1934 992 1991 eadem
1011 1932 1143 1990 omnibu'
1164 1931 1260 1991 mitis.

363 2014 448 2088 Quae
473 2024 648 2076 cunctorum
660 2017 780 2077 habitas
794 2020 897 2091 aedes,
912 2018 1078 2095 epulasque
1086 2017 1276 2092 frequentas.

363 2099 474 2160 Ginxie
495 2110 525 2160 et
544 2103 656 2175 invisa,
677 2111 725 2162 ast
744 2104 834 2163 fectis
854 2104 959 2162 eadem
979 2095 1111 2160 omnibu’
1134 2121 1258 2177 parens.

361 2184 486 2244 Portum
497 2207 619 2264 aegrum
630 2188 791 2262 miserans,
804 2209 928 2247 numero
940 2183 1108 2264 parentibu'
1125 2188 1277 2264 gaudens:

361 2270 424 2328 Dia
447 2273 594 2349 paranda,
617 2273 705 2332 luens
728 2282 877 2332 uterorum
901 2273 1068 2351 aegerrima
1090 2271 1234 2333 claustra.

362 2355 409 2414 Te
426 2355 529 2415 foetae
552 2357 693 2432 vocitant,
718 2359 857 2418 solamen
876 2359 963 2416 dulae
981 2358 1138 2417 labornmz

361 2439 450 2500 Nam*
467 2449 500 2500 tu
519 2442 755 2518 foetiparentum
779 2452 933 2502 uterorum
954 2444 1086 2502 claustra
1102 2443 1256 2520 resignas.

364 2525 392 2585 Ο
413 2526 550 2586 Partuna
568 2526 682 2601 Diana,
702 2527 845 2602 Palatua,
864 2526 1047 2586 Limentina.

362 2609 476 2670 Suffioe
496 2612 614 2688 prolem
636 2614 757 2686 almam,
779 2614 867 2672 titula
886 2613 1012 2672 adstans
1031 2612 1262 2690 parturientem.
1359 2612 1360 2633 ¹

361 2695 402 2752 Et
422 2714 521 2768 serva,
546 2698 680 2757 omnium
702 2700 746 2756 uti
766 2699 842 2758 cluis
866 2717 986 2774 semper
1007 2698 1127 2773 sospita
1148 2697 1236 2757 Iuno.

362 2863 381 2920 2
625 2859 731 2926 Noot‘a'e
749 2869 891 2944 suffimen,
917 2878 1016 2926 torres.

360 2947 439 3006 Tete
457 2945 538 3006 Diva
554 2970 627 3010 voco
645 2953 839 3028 omniparens
854 2953 1025 3027 Divumque
1040 2951 1265 3026 hominumque.
1359 2986 1360 3005 2

358 3032 547 3108 Principium
561 3042 608 3094 est
618 3035 693 3096 Nox
705 3038 848 3109 omnium,
870 3046 900 3095 at
915 3046 962 3096 est
973 3035 1044 3095 Nox
1054 3036 1168 3094 Martia
1177 3036 1275 3095 nobis.

359 3117 441 3179 Audi
459 3117 541 3177 Diva
560 3139 685 3196 perans,
713 3122 861 3199 caligans,
887 3122 1059 3181 sideriluaa.
1359 3186 1360 3195 χ

361 3204 449 3279 Quae
470 3203 541 3262 loce
558 3205 646 3281 pigra
667 3205 750 3279 eolis,
772 3225 935 3282 somnoque
955 3205 1121 3264 habitanda
1139 3205 1255 3264 silenti.

358 3287 505 3362 Iucunda,
528 3294 558 3346 et
574 3308 702 3364 pernox,
727 3292 930 3368 epulonaque,
952 3293 1073 3351 somnia
1091 3290 1226 3368 gignens

352 3371 515 3450 ,Ourifuga
539 3380 630 3450 atque
650 3375 784 3450 optanda
803 3378 890 3451 quies
910 3376 1122 3454 placidissima
1140 3395 1254 3434 rerum.

360 3455 539 3532 Somnidua,
560 3459 694 3518 omnium
716 3462 826 3534 amioa,
844 3470 875 3520 et
891 3462 1017 3537 equiria,
1038 3461 1273 3537 nectierepusaa

359 3541 551 3616 Imperdeota,
577 3544 682 3602 eadem
703 3547 867 3619 terrestris,
889 3547 1003 3605 ooeliaa
1023 3564 1145 3605 rursus:

359 3625 503 3700 Vortens,
523 3629 701 3689 omnimodis
720 3630 792 3689 Dea
810 3631 1001 3690 Mostellaria
1020 3632 1130 3689 ludens

360 3709 448 3786 Quae
468 3712 564 3770 luae*
589 3714 673 3738 '·····
699 3717 755 3774 sub
779 3716 918 3791 Tartara,
937 3735 1043 3776 rursus
1065 3716 1105 3775 ad
1128 3715 1242 3776 Oreum
