3059 4492
660 455 812 552 Α
882 430 886 438 .

274 627 410 701 Dictum,
430 625 632 703 profanumve
650 625 682 684 in
703 622 795 686 Deos
814 620 946 700 effutias,

274 711 342 772 Nee
363 711 544 784 insolescas,
566 711 593 770 si
615 711 664 768 vel
685 711 739 769 ulli
761 713 915 788 praenites
998 742 1002 754 ι

274 797 396 856 Vntute
416 796 501 868 belli,
526 796 591 855 siva
610 796 705 855 vastis
729 797 833 872 copiis.

273 881 417 957 Namque
436 900 498 939 una
518 880 608 953 tollit,
630 900 692 939 una
712 880 855 958 deprimit
875 880 939 941 dies

274 967 450 1026 Mortalium
472 984 534 1038 res,
558 972 588 1023 et
609 966 684 1024 boni
705 984 826 1044 semper
846 964 904 1024 viri

276 1051 376 1112 Ourae
394 1051 471 1110 Deis
495 1059 574 1123 sunt,
598 1058 704 1109 eontra
726 1061 757 1110 at
779 1051 873 1112 invisi
893 1050 975 1108 mali.

675 1134 803 1200 Chorus.
894 1202 897 1206 Α

275 1219 507 1292 Telamoniade,
530 1219 581 1294 qui
601 1219 780 1280 fundamina

275 1303 441 1367 Salaminis
464 1305 559 1363 habes
581 1305 669 1362 firma
689 1306 843 1366 marinae:

274 1391 360 1450 Bene
382 1409 448 1447 eum
467 1388 523 1446 tibi
542 1390 586 1462 fit,
608 1390 686 1448 bene
706 1389 815 1453 laetor.

275 1474 352 1535 cum
375 1483 405 1532 te
425 1473 546 1534 inimico
567 1474 711 1552 languere
732 1477 809 1535 love

274 1560 387 1619 Differt
409 1558 552 1617 Danadm
572 1559 654 1617 fama
675 1561 818 1639 maligna,

274 1647 364 1704 Mens
385 1645 461 1702 mihi
480 1644 602 1722 refugit,
627 1652 767 1720 totusque
787 1655 892 1719 tremo,

275 1729 466 1807 Trepidant
486 1737 602 1787 terrore
626 1730 774 1791 columba.
845 1746 847 1749 ·

274 1815 317 1876 Ut
335 1815 498 1892 praeterita
521 1823 611 1872 noete
634 1816 780 1877 tumultus
906 1888 910 1893 ⁸

275 1899 344 1960 Nos
366 1899 546 1978 famigerant
565 1919 684 1958 rumore
706 1903 797 1975 malo,

276 1985 322 2044 Te
345 1985 425 2062 pede
442 1984 548 2043 rabido
571 1984 790 2061 persultantem

275 2070 379 2131 Ubera
399 2068 476 2146 prati
498 2069 695 2144 praedatitias

276 2155 419 2214 Danadm
439 2154 584 2231 pecudea,

277 2241 363 2317 Quae
386 2259 478 2316 super
499 2239 577 2315 ipsis
600 2239 719 2298 fuerant
740 2239 886 2315 reliquae,

275 2327 369 2385 Ferro
389 2333 529 2384 vastasse
549 2332 683 2383 cruento.

276 2411 366 2469 Talia
388 2410 466 2468 fietis
487 2411 599 2485 probra
621 2409 754 2469 susurris

278 2495 420 2556 Omnium
441 2495 474 2552 in
494 2512 583 2554 aures
606 2495 723 2572 spargit
743 2494 885 2572 Ulysses.

277 2578 419 2642 Creditur
440 2579 502 2636 illi:
526 2597 582 2639 nee
604 2580 670 2638 siue
692 2579 785 2636 multa

277 2664 379 2727 Suada
403 2663 568 2740 excipitur:
594 2680 703 2723 suasus
726 2671 756 2722 et
777 2665 852 2741 ipse‘

277 2749 414 2811 Suasore
433 2750 529 2826 magis
551 2750 657 2826 strepit
680 2749 809 2822 auditor,

277 2836 344 2894 Tua
366 2834 431 2892 risu
451 2835 529 2892 faeta
547 2835 715 2894 lacessens.

277 2919 336 2994 Qui
357 2938 468 2996 magua
490 2921 566 2996 petit
588 2937 716 2995 corpora
740 2917 803 2977 telo

275 3003 389 3063 Nullus
415 3006 544 3066 aberrat.
567 3003 689 3063 Dixerit
710 3004 742 3061 in
762 3022 811 3059 me

277 3088 354 3164 Quis
373 3088 447 3163 tale,
470 3089 560 3147 fidem
580 3088 682 3148 nullus
705 3087 837 3146 habebit.

275 3174 358 3235 Nam
381 3165 488 3233 felices
511 3175 586 3250 petit
608 3173 731 3248 invidia.

275 3262 318 3320 At
339 3260 408 3318 sine
428 3261 547 3337 magnis
570 3259 632 3336 ipsi
651 3257 739 3336 parvi

275 3344 411 3403 Intutum
436 3346 514 3422 areis
539 3351 610 3402 snut
632 3341 826 3418 praesidium.
912 3401 915 3406 ,

275 3429 359 3488 Nam
382 3448 448 3486 eum
472 3429 564 3487 divite
584 3430 662 3486 bene
681 3428 769 3504 plebs
792 3444 856 3483 rem
875 3422 963 3502 gerit,

275 3514 374 3574 Dives
401 3531 467 3572 aum
485 3513 575 3590 plebe
598 3514 728 3572 fovetur.

275 3587 392 3658 Verum
413 3599 487 3656 talia
510 3617 602 3658 seusa
625 3598 732 3656 docere

275 3685 353 3745 Non
374 3685 481 3761 possis
504 3683 593 3741 eorda
617 3683 734 3758 supina.
