3059 4492
662 483 813 580 “Q-

280 647 383 714 Πόλλ’
408 647 470 712 οἶδ’
491 649 630 733 ἀλώπηξ,
651 649 719 713 ἀλλ’
749 649 851 735 ἐχῖνος
873 647 906 712 ἓν
932 647 1020 730 μέγα.

280 731 438 798 Πολλαῖσι
454 735 585 818 πληγαῖς
605 735 677 818 δρῦς
694 733 785 802 τέλος
806 732 984 814 δαμάζεται.

280 815 404 882 Πολλοί
425 839 459 880 σε
482 819 672 902 μισήσουσιν,
694 819 731 903 ἦν
755 819 866 881 σαυτὸν
889 818 990 901 φιλῇς.

281 901 402 968 Πολλοὶ
428 903 590 986 στρατηγοὶ
611 900 729 987 Καρίαν
751 903 929 966 ἀπώλεσαν.

281 984 415 1051 Πολλῶν
442 988 553 1071 ἰατρῶν
576 985 697 1056 εἴσοδός
718 988 748 1070 μ’
773 987 945 1050 ἀπώλεσεν.

281 1068 415 1135 Πολλῶν
440 1072 457 1134 ὁ
480 1071 569 1154 λιμδς
590 1073 702 1154 γίνεται
724 1072 917 1137 διδάσκαλος.

281 1153 369 1218 Πολὺ
391 1153 497 1240 χεῖρόν
521 1153 599 1219 ἐστιν
623 1155 760 1240 ἐρεθίσαι
779 1159 887 1237 γραῶν,
908 1154 928 1237 ἢ
950 1153 1036 1216 κύνα.

281 1235 591 1323 Πολυπραγροσίινης
613 1241 693 1303 ἕνεκ’
718 1243 761 1309 εἰς
780 1239 918 1324 κεφαλὴν
939 1235 1075 1322 τρέποιτ’
1100 1236 1181 1322 ἐμοί.

282 1323 379 1408 Πρινή
406 1345 440 1386 σε
463 1323 534 1391 τοὺς
557 1323 645 1408 ἰχθῦς
666 1326 758 1400 ἑλεῖν,
785 1324 886 1405 ἅλμην
909 1326 1013 1406 κυκᾷς.

283 1407 455 1494 Προβάτων
476 1407 532 1490 γάρ
553 1408 643 1472 οὐδὲν
663 1409 681 1472 ἀ
708 1413 788 1484 ελος,
804 1408 841 1489 ἣν
863 1407 977 1490 ποιμὴν
1000 1407 1077 1490 ἀπῇ.

282 1491 456 1578 Προέλοιμι
479 1493 586 1556 δοῦναι
611 1499 656 1578 τῷ
677 1433 835 1576 ’θελεγόρορ
857 1491 975 1574 μᾶλλον
997 1490 1044 1554 ἀν.

282 1576 369 1662 Πρὸς
391 1579 544 1660 κάππαριν
570 1581 635 1662 ζῇς,
659 1579 828 1662 δυνάμενος
847 1577 925 1659 πρὸς
940 1575 1058 1639 ἀνθίαν.

282 1659 368 1745 Πρδς
391 1662 493 1742 μάντιν
516 1661 617 1730 οὐδεὶς
642 1661 774 1747 εδτυχὴς
796 1660 973 1744 ἀπέρχεται.

282 1743 442 1830 Πρότερον
465 1747 588 1829 χελώνη
611 1748 858 1831 παραδραμεῖται
881 1744 1054 1810 δασύποδα.
1138 1792 1141 1798 .

282 1832 413 1914 Πρῶτον
435 1831 602 1916 κολυμβᾷν,
625 1831 768 1915 δεύτερον
791 1831 827 1893 δὲ
849 1829 1023 1911 γράμματα.

283 1917 363 1998 Πῦρ,
386 1914 438 1976 καὶ
460 1915 614 1991 θάλασσα,
635 1916 686 1978 καὶ
704 1915 791 1998 γυνὴ,
812 1911 893 1977 κακά
915 1912 992 1995 τρία.

279 1996 390 2082 Ῥᾷστ’
412 1995 479 2060 ἔστ’
502 1999 646 2082 ἀγροίκου
687 2001 800 2083 ήτορος
819 1998 1033 2080 καταφρονεῖν.

281 2081 396 2148 Ῥόδον
417 2082 574 2165 παρελθὸν
597 2021 703 2167 μηκίάι
726 2085 809 2167 ζήτει
829 2082 930 2144 πάλιν.

283 2167 408 2235 Σαίνεις.
427 2167 594 2243 δάκνουσα,
611 2169 662 2232 καὶ
682 2167 764 2232 κύων
789 2167 946 2251 λήθαργος
969 2163 1006 2225 εἴ·

284 2252 412 2335 Σαμίων
437 2252 452 2314 ὁ
477 2249 576 2334 δῆμός
596 2252 674 2315 ἐστιν
697 2256 740 2320 ῶς
761 2250 1030 2333 πολυγράμματος.

284 2337 409 2419 Σαπρδς
430 2336 555 2420 τάριχος
575 2335 627 2418 τὴν
651 2336 791 2421 ὀρίγανον
815 2338 908 2419 φιλεῖ.

283 2421 406 2504 Σαυτὴν
430 2419 573 2497 ἐπαινεῖς,
594 2423 699 2504 ὥσπερ
718 2421 924 2503 Ἀστυδάμας,
949 2414 1046 2498 γύναι.

283 2503 481 2589 Σαφέστερόν
503 2527 579 2580 ποις,
601 2504 832 2590 κᾴμαθέστερον
855 2504 982 2589 φράσον.

284 2589 409 2672 Σκύλλῃ
429 2588 610 2672 περιέπεσον
632 2589 685 2672 τὴν
704 2587 862 2737 Χάρυβδιν
885 2587 1036 2732 ἐκφυγών.

285 2674 415 2756 Σκῶληξ
436 2674 604 2756 παράσιτος
625 2679 684 2736 τῶν
707 2673 745 2759 ἐχ
765 2695 842 2737 ντοιν
865 2671 923 2736 οδσ
936 2692 982 2733 αν.

285 2759 387 2843 Σοφοὶ
408 2758 551 2842 τύραννοι
569 2762 628 2822 τῶν
653 2764 758 2842 σοφῶν
783 2756 938 2839 συνουσίᾳ.

285 2842 427 2926 Σπείρειν
449 2842 484 2904 δὲ
507 2843 598 2926 χειρὶ,
618 2843 660 2926 μὴ
682 2841 715 2905 δ’
743 2843 809 2928 ὅλῳ
830 2847 875 2927 τιγῑ
896 2839 1034 2921 θυλάκῳ.

284 2927 329 2990 Σὺ
353 2929 389 2994 δὲ
409 2929 607 3009 τιμιοπῶλης,
630 2931 673 2995 ῶς
692 2926 857 3012 Ἀχιλλεὺς
879 2923 953 2988 οὐδὲ
973 2923 1025 2988 εἷς.

284 3011 329 3075 Σά
356 3009 394 3094 μ’
414 3010 447 3073 δν
470 3009 606 3079 ἀπαιτεῖς
628 3012 692 3074 ἀντὶ
711 3015 765 3094 τῆς
788 3015 885 3094 κακῆς
905 3006 1004 3075 κυνός.

285 3097 385 3162 Σῶκον
411 3092 481 3178 μές’
505 3095 604 3180 ἰχθὺν,
629 3095 754 3180 ὄσπριον
777 3095 853 3178 μετὰ
874 3093 960 3178 κρέα.

284 3180 346 3245 Σὺν
370 3185 415 3242 τ’
434 3179 471 3242 θε
484 3184 500 3198 ”
523 3183 582 3249 πᾶς
601 3181 652 3245 καί
678 3184 754 3263 γελοῖ
773 3177 952 3266 κιγίδόρεται.

283 3205 445 3347 Συνῆλθον
465 3203 612 3348 ’ἀτταγᾶς
632 3288 665 3328 τε
686 3241 943 3348 καίΝουμηνίας.

283 3349 310 3414 Σ
334 3350 406 3412 εδδν
429 3352 578 3426 τοιοῦτον,
603 3349 694 3412 δσσον
717 3349 752 3412 ἐκ
774 3348 950 3412 Διονυσίων.

315 3433 334 3496 ἀ
359 3433 385 3496 δ’
410 3431 475 3538 οδγγ
493 3433 548 3496 ὑπ’
571 3433 684 3510 ἀλλων,
714 3434 796 3497 ἀλλά
815 3436 878 3500 τοῖς
899 3431 999 3493 αὑτῶν
1021 3432 1155 3514 πτεροῖς.

284 3515 334 3582 Τά
354 3515 461 3601 θάματ
500 3517 601 3595 οὐδὲν,
623 3519 702 3602 πλὴν
725 3518 829 3602 γένεια
848 3517 902 3580 καὶ
920 3513 1021 3597 κέρας.

284 3599 333 3665 Τά
355 3602 514 3686 πράγμαθ’
537 3605 640 3688 ὥσπερ
663 3602 793 3686 Αἴσιμος
813 3600 994 3665 κυλίνδεται.

284 3683 335 3750 Τὰ
356 3687 451 3770 πρῶτ’
477 3687 617 3772 ἀρίστους
639 3689 753 3756 παῖδας
773 3685 872 3769 Αἴγιν’
895 3682 1016 3769 ἔτρεφε.

938 3783 1003 3844 10*

672 2000 680 2020 ι’
