3059 4492
706 470 857 563 -Q

325 634 394 705 Τιὶις
415 635 509 702 κύνας
529 633 657 717 ώλαφος
679 632 772 696 ἕλκει.
787 632 881 718 Ὑπὲρ
897 632 1243 718 βαθμδνπόδατείνειν.

315 717 423 805 Ὕβρις
444 718 562 802 ἔρωτας
585 717 687 780 ἔλυσε.
710 719 783 787 Διὸς
802 720 892 800 γάλα.
917 716 989 802 Θρὶζ
1012 718 1072 782 ἀνοὶ
1092 719 1218 803 μέσσον.

316 801 424 889 Ὕδωρ
447 805 477 866 ἐν
499 800 645 910 Κυνάηρηι
663 801 720 886 γὰρ
745 803 920 887 ἐλεύθερον.
940 800 991 866 Ἐν
1016 807 1111 889 καρὸς
1133 804 1219 889 αίση.

315 887 373 952 Ὗν
395 887 567 973 Ἀφροδίτῃ
592 887 714 954 εθυσοις.
729 883 820 971 Ἅμα
841 886 968 970 πρόσσω
991 889 1043 951 καὶ
1066 890 1196 953 ὀπίσσω.

325 973 451 1037 Φελλοῦ
471 971 668 1056 κουφότερος.
699 968 746 1034 Τὰ
767 973 932 1055 γράμματα
952 971 1220 1060 Βελλεροφόντης.

325 1057 471 1126 Φοίνικος
492 1057 708 1140 σπανιώτερος.
731 1057 820 1140 Αύτη
841 1061 893 1120 νῦν
917 1058 1013 1142 σοφία
1036 1062 1084 1140 ζῇ.

325 1141 530 1227 Φρουρεῖν,ἣ
555 1143 707 1206 πλουτεῖν.
729 1140 790 1204 Σδν
815 1146 860 1226 τηῖ
884 1143 952 1204 κυνὶ
971 1144 1023 1205 καὶ
1042 1145 1093 1205 τὸν
1117 1144 1241 1227 ἱμάντα.

324 1224 517 1312 Χειροδίκαι.
532 1221 692 1288 Ῥοπάλου
717 1230 828 1302 πεινῶν
852 1225 922 1294 ὄνος
947 1226 1004 1289 οὐκ
1030 1227 1174 1309 ἀλεγίζει.

324 1307 403 1379 Χῖος
424 1313 500 1394 πρδς
523 1307 625 1372 Κῶον.
647 1307 771 1373 Πολλαὶ
793 1311 883 1378 κυνὸς
906 1309 1036 1395 ἄρσενος
1054 1311 1151 1375 εὐναί.

324 1391 437 1478 Χοῖροι
460 1394 550 1478 μητρὶ
573 1393 695 1456 ἕπεσθε.
717 1393 836 1479 Μέχρις
860 1397 969 1478 βωμοῦ
994 1397 1083 1480 φιλος
1106 1398 1176 1481 εἰμὶ.

324 1474 567 1562 Χρηστολοηείν.
587 1475 754 1561 Ὑπόδημα
768 1481 865 1547 ποδδς
879 1479 957 1542 κατὰ
971 1483 1022 1543 τδν
1040 1479 1131 1564 λόγον
1147 1480 1241 1546 ἔστω.

299 1613 302 1622 .
324 1559 448 1647 Χύτραν
468 1563 645 1630 ποικίλλεις.
668 1560 706 1627 ‘O
728 1567 834 1648 φυγὼν
861 1563 957 1645 μύλον
984 1563 1099 1649 ἄλφιτα
1120 1566 1243 1650 φεύγει.

325 1643 471 1732 Ψύραθεν
493 1646 652 1709 Διόνυσον.
668 1647 786 1712 Ἄκουε
802 1653 856 1710 τού
871 1649 949 1710 ὠτία
959 1649 1087 1733 τέσσαρ’
1102 1648 1241 1736 ἔχοντος.

321 1727 377 1800 Ὡς
398 1733 492 1814 λευκὴ
516 1731 635 1814 στάθμη
661 1735 764 1816 λευκῷ
787 1733 874 1816 λίθφ.
895 1733 985 1797 Αότά
1006 1733 1049 1796 δι’
1073 1733 1187 1800 αὐτῶν.

319 1814 376 1885 Ὡς
398 1815 491 1885 τέττιξ
514 1819 640 1899 πρώκας
660 1816 847 1899 σιτούμενος.
870 1817 1121 1903 Ἀλφεσίβοιαι.“

315 1896 435 1986 Ὥσπερ
459 1901 612 1985 κογχύλην
635 1903 755 1964 διελών.
785 1901 996 1985 Ἀπόγλουτος
1017 1904 1173 1990 ὑπάρχεις.

661 1987 721 2049 ἀπὸ
747 1988 906 2072 ἰαμβείων.

314 2068 359 2134 Ἃ
382 2071 432 2133 δεῖ
452 2069 606 2152 γενέσθαι,
629 2076 725 2135 ταῦτα
744 2073 796 2134 καὶ
816 2073 986 2154 γενήσεται.
1100 2137 1109 2157 ·

314 2153 360 2219 “A
382 2154 455 2236 σύγε
479 2158 587 2230 ποιεῖς,
611 2157 652 2238 μὴ
675 2161 772 2220 ταῦτα
791 2155 907 2239 νεμέσα
924 2159 987 2223 τοῖς
1006 2155 1113 2225 πέλας.

319 2239 408 2321 Ἀηει
428 2241 463 2302 δὲ
483 2242 559 2323 πρδς
582 2244 648 2323 φώς
666 2240 718 2344 την
744 2241 893 2324 ἀλήθειαν
916 2239 999 2307 θεύς.

319 2323 573 2406 Ἀηεωμέτρητος
595 2324 688 2390 ἐνθάδ
728 2325 830 2394 οὐδεὶς
852 2326 966 2388 εἰσίτω.

320 2405 420 2490 Ἀγὼν
440 2409 526 2490 φιλία
545 2430 578 2470 τε
600 2407 754 2493 πρόφασιν
771 2410 828 2473 οὐκ
848 2409 1033 2494 ἐπιδέχεται.

321 2489 449 2574 Ἀγνοεῖ
470 2491 501 2554 δ’
524 2493 643 2578 ἀράχνη
670 2495 784 2561 παῖδας
807 2499 850 2563 ώς
866 2493 1056 2558 παιδεύεται.

297 2579 298 2588 ’
367 2577 513 2684 θρέφασα
533 2578 590 2660 γὰρ
615 2576 759 2662 τέθνηκεν
783 2580 841 2642 ύπδ
865 2583 924 2641 τῶν
948 2580 1111 2662 φιλτάτων.

323 2659 392 2723 Ἀεὶ
412 2683 469 2744 γαρ
494 2658 527 2722 εὖ
545 2661 703 2723 πίπτουσιν
729 2663 758 2724 οἱ
781 2664 855 2731 Διὸς
874 2663 973 2748 κύβοι.

320 2743 389 2808 Ἀεὶ
409 2746 545 2827 χεωρηδς
569 2745 611 2812 εἰς
633 2744 733 2808 νέωτα
755 2748 910 2815 πλούσιος.

320 2827 387 2892 Ἀεὶ
410 2830 535 2896 κολοιὸς
553 2829 638 2913 παρὰ
657 2832 781 2894 κολοιὸν
806 2833 909 2903 ἱζάνει.

319 2911 472 2996 Ἀηδόνες
496 2911 652 3021 λέσχαισιν
678 2914 897 2999 ἐγκαθήμενοι.

317 2997 438 3061 ’Άθυτα
460 2997 490 3060 δ’
515 2997 583 3080 ὶερα
600 3000 749 3069 πολλάκις
768 3002 931 3064 κατεσθίει.

316 3083 424 3152 ’Άθως
445 3081 593 3146 καλύπτει
615 3085 734 3167 πλευρὰ
755 3085 893 3169 Λημνίας
917 3085 999 3171 βοός.

316 3167 425 3236 ’Άθως
445 3169 561 3239 σκιάζει
583 3172 666 3230 νῶτα
688 3169 825 3253 Λημνίας
845 3170 931 3239 ἁλός.

324 3252 414 3315 Αἰτεῖ
433 3276 468 3335 γε
491 3255 542 3316 καὶ
564 3253 635 3321 τοὺς
656 3253 837 3337 ἀνδριάντας
858 3255 983 3340 ἀλφιτα.

318 3333 446 3421 Ἀκλητὶ
468 3340 664 3422 κωμάζουσιν
689 3339 731 3406 εἰς
753 3340 852 3422 φιλων
874 3341 969 3424 φιλοι.

316 3417 443 3503 Ἄκμων
467 3422 607 3505 μέγιστος
629 3421 666 3484 ού
691 3425 833 3509 φοβεῖται
859 3424 931 3492 τοὺς
954 3424 1086 3509 ψόφους.

315 3498 423 3588 Ἀκριμ
447 3506 482 3568 δὲ
503 3509 642 3593 κεφαλὴν
664 3510 818 3592 κνώμενοι
840 3514 886 3594 τῷ
909 3511 1063 3594 δακτύλῳ.

320 3585 479 3651 ‘Amnem’
499 3589 560 3675 άρα
582 3593 633 3654 καὶ
656 3594 732 3674 πρὸς
754 3594 896 3654 ἀσθενῶν
915 3591 1022 3674 ταχύς,

364 3672 414 3736 καὶ
431 3673 507 3756 πρδς
527 3678 668 3758 χελώνης
686 3677 776 3743 ἀετὸς
795 3677 827 3738 ἐν
852 3675 966 3758 βραχεῖ
982 3675 1097 3760 χρόνῳ.
