3059 4492
638 515 791 611 Q

256 686 398 750 Mosrorc
416 683 516 742 donec
538 683 679 760 gaudium
700 685 913 745 internoveris.

164 823 165 826 ,
256 769 342 844 Quod
367 775 550 839 assecutum,
573 769 681 844 qualis
696 788 734 830 ex
754 770 838 845 quali
859 780 947 848 patre

164 843 165 922 i
255 853 348 920 satus
372 871 417 926 es,
438 861 469 910 te
493 861 609 928 oportet
631 855 785 931 specimen
807 854 938 915 inimicis
960 857 1042 918 dare.

255 942 296 998 At
316 938 438 998 interim
457 938 537 996 auris
560 940 690 998 vescitor
707 939 838 1013 levibus,
858 940 944 999 alens

164 1029 165 1034 ’
255 1026 390 1083 Mentem
411 1022 571 1096 novellam,
594 1024 705 1102 volupe
726 1026 832 1084 matris
854 1027 1006 1103 gaudium.

254 1108 356 1168 Nemo
378 1116 408 1166 te
431 1108 580 1166 Achivum
604 1109 748 1168 differens
768 1111 891 1187 probris
911 1110 1011 1184 malis,
1119 1149 1122 1156 -
1170 1118 1183 1131 '

255 1195 359 1254 Torvc
376 1193 556 1270 increpabit,
576 1194 716 1252 vellicet
737 1213 843 1254 careas
863 1197 935 1259 mei.

254 1280 363 1338 Talem
385 1279 553 1354 relinquam
573 1279 735 1338 ianitorem
756 1299 954 1355 acerrumum,
1057 1295 1062 1304 ’

253 1364 486 1439 Alimoniaeque
507 1364 678 1440 praesidem
700 1365 850 1423 Teucrum
873 1365 943 1425 tibi:

255 1449 290 1511 Si
311 1449 433 1526 quidem
454 1448 482 1507 is
505 1448 616 1508 redibit
634 1449 762 1508 bostium
784 1450 925 1509 insessor
944 1452 1056 1528 procul.

254 1538 324 1607 Ast,
346 1553 365 1592 o
387 1533 510 1593 sodales
532 1535 666 1606 armites,
687 1535 805 1593 marina
827 1555 914 1612 gens,

254 1619 402 1679 Mandata
423 1619 548 1695 primum
570 1638 649 1677 nunc
670 1637 812 1697 suprema
833 1629 864 1679 et
885 1639 942 1680 vos
963 1641 1032 1680 mea

254 1705 404 1781 Accipite,
429 1712 458 1762 et
474 1704 521 1762 illi
543 1703 718 1763 nuntiantes
741 1705 871 1764 reddite:

254 1790 351 1850 Istum
376 1790 511 1866 puellum
537 1790 626 1848 ducat
648 1789 686 1846 ad
708 1790 790 1849 lares
815 1809 912 1862 meos,

253 1875 389 1934 Eriboea
409 1881 441 1932 ut
463 1874 548 1932 illum
570 1875 681 1947 videet,
701 1882 731 1932 et
753 1875 882 1933 Telamo
902 1882 1000 1952 pater,

253 1961 294 2019 Et
315 1959 360 2018 eis
384 1967 526 2018 senectae
548 1960 634 2017 dulce
655 1960 787 2018 lenimen
809 1960 885 2032 fuat,

255 2044 314 2103 Vel
338 2044 433 2102 donec
455 2045 528 2104 Orci
550 2051 628 2102 tecta
650 2045 711 2103 sint
734 2045 815 2103 nacti
834 2044 934 2102 inferi.

256 2129 322 2190 Ulli
346 2148 403 2187 neo
427 2149 510 2187 arma
532 2130 748 2206 praemiatores
772 2149 841 2186 mea

253 2215 399 2274 Ponunto
421 2215 558 2288 Achivis,
580 2234 636 2274 neo
658 2234 756 2274 meum
779 2233 919 2292 magnum
942 2213 1061 2272 malum.

253 2302 295 2360 At
318 2301 390 2377 ipse
409 2319 483 2358 vero
502 2300 666 2378 Eurysace,
686 2309 719 2358 tu
741 2299 955 2377 cognominem,

253 2386 294 2444 Et
312 2384 487 2444 crebriloris
510 2386 660 2462 pensilem
682 2386 809 2444 amentis
831 2392 960 2459 quatens
1168 2385 1220 2438 575

254 2469 421 2548 Apprende
431 2470 567 2547 clypeum
576 2471 655 2527 hunc
668 2488 876 2548 praegravem,
885 2477 916 2526 et
929 2467 1167 2544 septemplicem.

256 2554 319 2616 Sed
345 2574 430 2612 arma
452 2573 567 2612 mecum
588 2563 815 2614 concremantor
838 2561 968 2612 caetera.

252 2640 342 2700 Heus
365 2648 398 2698 tu
420 2640 588 2716 properiter
609 2641 748 2700 manibus
771 2642 850 2698 bunc
870 2657 997 2715 puerum
1020 2655 1106 2715 cape,

253 2727 294 2785 Et
310 2727 434 2783 ianuam
454 2725 543 2798 obde,
563 2726 704 2800 nullaque
721 2727 771 2784 hic
795 2724 896 2802 palam
914 2724 982 2782 iace

253 2810 413 2868 Lamenta.
435 2810 524 2869 valde
544 2819 591 2870 est
609 2812 732 2868 fletuum
752 2811 861 2868 mulier
884 2809 1003 2867 lubens.
1169 2811 1222 2864 580

253 2896 351 2972 Operi
372 2895 477 2968 forem,
499 2896 632 2970 inquam.
653 2896 734 2954 haud
755 2896 834 2954 bene
853 2894 977 2952 medens
991 2913 1026 2952 se
1038 2893 1170 2969 postulat

252 2979 387 3040 Carmen
411 2980 543 3039 secando
566 2980 685 3038 vulneri
706 2981 926 3039 incantassere.

253 3064 311 3126 Ch.
352 3065 585 3142 Properantiam
607 3066 696 3125 istam
718 3066 878 3123 inaudiens
901 3064 994 3122 metui
1012 3063 1102 3120 male.

251 3149 322 3209 Nec
344 3170 393 3209 me
411 3159 553 3227 asperata
575 3150 679 3228 lingna
701 3151 832 3208 delectat
848 3156 909 3206 tua.

253 3235 327 3294 Teo.
348 3234 438 3309 Quod
459 3236 552 3308 istud,
574 3236 665 3309 Aiax,
690 3243 790 3293 mente
811 3233 925 3292 moliris
945 3231 1079 3289 malum?
1169 3231 1222 3285 585

251 3321 303 3382 Αἱ.
348 3319 398 3378 Ne
420 3340 467 3378 me
491 3322 638 3398 rogassis.
661 3321 787 3397 pulchra
808 3337 858 3377 res
881 3316 1028 3376 modestia
1052 3321 1108 3374 est.

252 3404 327 3464 Teo.
351 3404 449 3481 Quam
471 3407 591 3482 pendeo
613 3406 722 3464 animi!
745 3404 806 3466 Sed
828 3421 884 3481 per
902 3421 957 3479 ego
977 3408 1006 3459 te
1027 3399 1154 3473 liberos,

251 3493 294 3550 Et
313 3509 369 3566 per
387 3489 473 3550 Deos
498 3492 645 3565 obtestor,
667 3491 748 3548 hand
769 3508 827 3548 nos
847 3486 979 3564 produis.

251 3576 302 3636 Αἰ.
349 3576 417 3633 vah
441 3577 542 3636 enicas
565 3596 623 3650 me,
645 3576 768 3634 mulier:
791 3594 830 3632 an
853 3572 965 3644 nescis,
988 3570 1065 3630 Deis
1166 3611 1170 3618 ι

250 3661 377 3721 Debere
400 3661 515 3719 nullum
537 3662 597 3719 iam
619 3681 666 3720 me
688 3663 829 3720 honorem
853 3656 1043 3717 obnoxium?
1169 3661 1221 3715 590

251 3746 326 3806 Teo.
356 3746 440 3804 Bene
456 3747 598 3805 ominare.
684 3746 733 3806 Al.
760 3740 1172 3886 Al⁸¹⁰q33⁸.p⁸'⁸¹¹⁸d⁰⁸³‘
