3059 4492
707 467 861 560 -Q

336 633 451 707 Fuerit,
472 633 533 701 nisi
553 641 595 694 tu.
617 653 717 696 nonne
738 636 855 696 conieci
872 637 972 695 bene?
1119 699 1122 705 ,

336 721 418 779 Man.
458 719 611 780 Abscedo.
629 739 700 781 nam
717 739 796 796 quae
814 722 977 798 turpitudo,
998 722 1078 782 valle
1097 742 1166 782 eum

263 811 330 865 1160
339 803 488 866 Sermone
509 805 741 882 castigarent
763 807 829 883 cogi
850 806 971 883 potest?

338 891 413 951 Teu.
434 890 757 964 Abscedenumquam
765 898 853 967 turpe
863 892 1243 969 ctinbonestumestmibi,

337 975 501 1038 Attendara
525 975 641 1034 bomini
663 975 811 1034 effutienti
828 976 953 1036 inania?

340 1061 395 1122 ch.
439 1061 536 1120 Atrox
555 1059 619 1120 litis
639 1059 792 1119 certamen
813 1061 879 1119 erit.

339 1146 491 1222 Quantum
512 1145 594 1221 potis
615 1162 660 1218 ea,
681 1164 817 1222 propera
836 1145 964 1220 Teucer,

263 1236 332 1291 1165
339 1233 531 1306 Fossamqua
551 1247 655 1288 cavam
676 1229 752 1290 citus
775 1231 845 1288 huic
864 1249 946 1290 cura.

338 1317 401 1377 Ubi
420 1322 570 1393 perpetua
589 1314 740 1372 celebrem
759 1316 875 1374 cunctis

328 1401 504 1470 ,Tumulum
524 1397 591 1457 cum
613 1399 704 1457 lauda
726 1401 850 1458 tenebit.

339 1486 415 1546 Teu.
454 1486 496 1544 At
518 1503 588 1548 ecce
607 1491 731 1561 praesto
755 1484 883 1561 tempori
905 1486 1017 1544 adsunt
1032 1505 1184 1563 proxume

338 1572 379 1632 Et
396 1576 506 1648 gnatus
525 1568 614 1626 huius
633 1575 723 1643 atque
742 1570 895 1645 particeps
915 1570 986 1643 tori,

263 1661 331 1715 1170
339 1657 382 1717 Ut
404 1661 596 1730 exequantur
612 1653 670 1712 rite
689 1653 781 1712 funus
799 1656 919 1713 mortui.

341 1742 369 1802 Ο
391 1759 478 1818 puer,
498 1737 652 1797 adesdum.
674 1756 731 1815 age
754 1740 876 1798 accidas
897 1739 1030 1816 supplex
1050 1740 1141 1816 patri,

341 1826 401 1903 Qui
423 1832 453 1882 te
475 1823 507 1882 in
530 1841 678 1900 supernas
698 1823 776 1902 lucis
797 1844 866 1883 oras
889 1824 999 1883 edidit:

338 1911 390 1970 Illi
412 1909 515 1970 asside
535 1907 724 1984 suppliciter,
748 1916 779 1966 at
798 1909 937 1969 manibus
959 1917 1030 1968 tane

339 1999 437 2068 Meas,
462 2002 491 2052 et
509 1993 610 2064 huius,
633 2000 663 2049 et
680 1999 749 2054 tuas
768 1994 873 2052 itidem
892 2013 1008 2066 comas,

264 2087 330 2141 1175
341 2080 499 2158 Supplicia
520 2077 699 2136 velamenta.
726 2079 857 2154 quodsi
878 2080 1006 2138 exerciti

340 2165 468 2240 Quidem
491 2161 663 2241 aggreditur
688 2170 807 2222 mortuo
826 2172 856 2222 te
877 2165 1020 2237 avellere,

341 2251 478 2310 Tollatun
498 2247 670 2324 insepultus
693 2248 827 2306 emedio
850 2249 944 2308 male:

340 2336 382 2396 Et
405 2343 526 2394 eruatur
543 2351 654 2410 genere
675 2339 740 2391 toto
764 2334 913 2410 stirpitus,

342 2419 479 2494 Qualiter
500 2437 556 2496 ego
578 2417 669 2476 istum
690 2418 829 2493 praesioo
854 2419 966 2476 crinem
989 2437 1089 2476 manu.

265 2513 333 2568 1180
341 2505 433 2577 Puer,
456 2512 526 2562 tene
543 2503 644 2561 illum:
667 2520 765 2576 serva,
788 2504 875 2562 habe.
895 2521 954 2563 nec
974 2510 1005 2561 te
1026 2510 1107 2561 statu

339 2590 510 2648 Demoveat
531 2587 659 2664 aliquis:
682 2595 731 2647 ast
750 2588 874 2646 inhaere
894 2589 965 2646 huic
985 2589 1136 2647 accidens.

340 2674 418 2747 Nec,
436 2694 454 2731 0
476 2673 607 2744 sodales,
626 2692 684 2749 pro
706 2672 780 2732 viris
799 2670 985 2732 muliebriter

341 2760 404 2818 Vos
426 2757 534 2836 gerite:
558 2756 612 2816 sed
632 2757 742 2828 iuvate,
763 2757 860 2816 donec
882 2778 993 2818 venero
1097 2774 1102 2787 ⁴

341 2843 502 2927 Tumulum
523 2844 593 2900 huic
612 2860 788 2917 procurans,
810 2845 911 2903 nullus
932 2843 965 2902 id
984 2844 1066 2903 sinat
1083 2841 1167 2900 licet.

597 2995 598 2998 Ἴ
677 2925 807 3002 stropha
832 2929 905 2988 VH.

342 3013 397 3073 Ob.
438 3012 673 3089 Reciproeifuga
692 3013 880 3090 temporibus
902 3004 987 3073 aetas

340 3097 564 3173 Numerosique
586 3096 724 3156 volumen
746 3098 826 3171 aevi,
1096 3105 1099 3109 ’

341 3183 470 3260 Quando
492 3182 611 3240 desinet
630 3181 734 3241 miseri
910 3176 912 3179 ’

341 3268 404 3328 Tot
422 3285 580 3326 aerumnas
602 3265 676 3324 belli

341 3352 439 3412 Nobis
459 3352 617 3429 duplicans

341 3438 486 3498 Residem
508 3438 547 3496 ad
569 3436 703 3508 Troiam,
727 3434 852 3495 Troiam
870 3436 1003 3510 inquam,

340 3523 486 3583 Probrum
509 3521 713 3597 maculamque
733 3517 940 3580 Graecorum?

644 3607 836 3682 Antistropba
861 3605 934 3666 VII.
1038 3657 1041 3663 ,

342 3693 466 3759 Utinam
488 3691 528 3766 is,
545 3693 665 3766 ,utinam
681 3691 713 3751 in
732 3691 864 3752 aetheris
884 3709 957 3750 oras
