3059 4492
144 257 184 683 l

672 495 822 588 j—

330 663 360 722 Ο
379 663 454 722 Orci
473 663 562 721 vobis
584 663 624 719 ah
644 664 726 721 male
747 665 788 722 sit
809 663 969 722 tenebrae:

286 749 366 806 Tam
391 747 503 806 bellurn
527 747 614 806 nobis
634 748 779 824 rapuistis
803 767 960 825 passerem
978 748 1110 824 iniquae.

331 833 360 893 Ο
380 832 460 891 male
481 833 610 891 factumi
633 854 652 890 o
674 834 715 890 mi
735 851 854 909 passer,
876 841 963 891 atrox
983 834 1117 892 facinusl

175 916 176 941 ³
285 921 367 978 Ecce
389 926 442 974 tna
464 935 577 975 caussa
598 926 719 976 nostrae
741 919 905 976 tumefacta
925 918 1046 994 puellae

329 1004 523 1079 Turgescunt
544 1002 636 1062 salsis
656 1003 771 1061 lumina
791 1003 967 1062 lacrimulis.

287 1131 316 1188 9.
362 1130 495 1187 Parodiu
514 1133 555 1187 ud
566 1130 719 1188 Phaselum
744 1130 852 1188 Catulli
874 1131 931 1206 [l],
956 1133 986 1188 r'rr
1012 1128 1203 1200 Causidicum,

435 1218 485 1290 qui
505 1217 602 1272 relicto
618 1218 689 1290 soro
711 1218 909 1290 coquinarium
923 1217 1065 1290 jaciebat.

182 1304 186 1365 ’ζ
287 1301 440 1358 Patronus
461 1298 524 1371 ille,
548 1319 636 1374 quem
660 1300 769 1358 videtis
792 1300 937 1376 hospites,

184 1396 186 1407 '
289 1385 344 1444 Ait
365 1384 462 1443 fuisse
483 1383 619 1462 litigator
637 1386 784 1462 optimus3

288 1469 400 1546 Neque
419 1469 510 1528 ullius
533 1471 677 1528 minantis
699 1472 844 1546 impetum
867 1470 923 1526 fori

288 1554 446 1629 Nequisse
467 1554 612 1628 detinere,
636 1555 701 1612 sive
724 1554 887 1612 crastinum

288 1640 412 1698 Iuberet
435 1639 592 1715 ampliare,
615 1658 670 1697 seu
690 1639 899 1716 perendinum.

289 1727 330 1784 Et
351 1725 407 1781 hoc
429 1732 520 1801 negat
543 1726 655 1783 feracis
674 1723 855 1800 Aquitaniae

288 1810 414 1886 Negare
432 1829 514 1881 rura,
535 1811 767 1884 Vasconumque
789 1809 912 1881 limites,

291 1894 430 1955 Cadurca
448 1895 563 1971 iugera,
586 1906 617 1951 ct
637 1894 780 1952 Rhutena
801 1913 927 1972 pascua,

188 2032 191 2045 .
290 1980 486 2052 Lemovices,
508 1987 667 2054 trucesque
690 1978 903 2056 Petregorios:

188 2108 192 2117 ,
290 2065 352 2124 Ubi
375 2065 435 2123 iste
457 2072 526 2140 post
548 2072 704 2141 patronus,
727 2074 817 2122 antea
838 2063 895 2119 fuit

290 2151 328 2208 In
350 2151 424 2207 urbe
444 2150 553 2208 scriba.
594 2148 676 2207 Nam
696 2148 862 2207 forensium
881 2147 912 2205 in
935 2164 1026 2223 grege

291 2237 448 2310 Loquente
470 2253 562 2311 saepe
583 2234 762 2310 scriptitavit
782 2233 902 2310 arbitro.

292 2325 431 2378 Amoene
455 2319 578 2391 Tarnis,
601 2328 632 2377 et
653 2319 810 2378 Garumna
831 2317 980 2394 corniger,

292 2405 364 2462 Tibi
386 2406 462 2461 haec
480 2405 577 2463 fuisse
597 2412 627 2461 et
648 2423 717 2462 esse
741 2403 948 2482 cognitissima

292 2490 346 2549 Ait
364 2498 528 2566 patronus:
550 2489 656 2546 ultima
673 2508 712 2547 ex
735 2490 851 2568 origine

293 2575 370 2633 Tuis
392 2574 490 2633 fuisse
510 2575 610 2633 scriba
630 2575 701 2632 dicit
721 2576 861 2633 urbibus:

191 2712 193 2731 ,
292 2660 370 2718 Tuis
391 2668 536 2735 patronus
559 2660 695 2718 adfuisse
712 2659 839 2718 civibus.

292 2746 333 2802 Et
350 2745 422 2802 inde
446 2752 492 2802 tot
511 2765 566 2821 per
587 2745 775 2803 exsecranda
796 2744 931 2819 praemia

294 2829 412 2906 stipem
435 2829 555 2902 tulisse,
576 2829 674 2901 laeva,
695 2830 760 2887 sive
781 2830 906 2887 dextera

193 2934 195 2944 ¹
295 2913 424 2974 Sonaret
444 2933 533 2985 aere3
557 2915 621 2973 sive
642 2922 799 2989 utramque
820 2914 958 2991 Iuppiter

295 2999 392 3058 Simul
415 3009 540 3057 sonante
562 3007 699 3076 tangeret
716 2999 859 3074 pecunia:

294 3084 404 3160 Neque
423 3085 487 3142 ulla
508 3093 577 3143 vota
597 3085 798 3161 quaestuariis
823 3084 881 3142 diis

296 3170 364 3229 Sibi
381 3171 450 3228 esse
469 3170 561 3242 facta,
584 3189 649 3227 cum
671 3170 783 3227 rediret
804 3187 823 3224 a
841 3169 904 3226 foro

295 3256 394 3312 Lucro
418 3263 563 3332 gravatus
584 3274 680 3330 usque
702 3253 849 3330 propriam
873 3254 1000 3312 domurn.

296 3339 360 3399 Sed
382 3340 458 3397 haec
475 3342 559 3415 prius
576 3341 674 3397 fuere:
699 3357 779 3396 nunc
802 3339 916 3396 cibaria

295 3424 417 3502 Ligurit
435 3433 536 3498 uncta,
561 3443 653 3500 seque
673 3431 828 3481 consecrat
849 3425 904 3481 tibi

297 3509 409 3569 Culina
431 3510 527 3582 dives,
548 3518 578 3567 et
598 3509 697 3566 culina
713 3507 824 3566 divitis.

606 3636 652 3693 10.
700 3637 783 3710 [deur
803 3634 896 3692 aliter.

297 3723 433 3798 Magirus
456 3722 509 3780 ille
531 3739 620 3797 quem
641 3719 751 3779 videtis
774 3719 922 3794 hospites,

984 3828 1003 3885 2
1037 3791 1040 3798 .
