3059 4492
655 489 807 584 “gl-l*

553 649 590 716 El
610 654 662 716 καὶ
680 657 731 716 νῦν
743 649 846 736 'uultui
872 675 917 714 σε.
1092 658 1187 738 Mat)

169 747 170 805 l
270 740 422 818 Quamvis
444 759 521 799 cana
543 749 628 800 aetas
647 743 708 800 iam
731 750 762 800 tc
784 741 937 818 tepefecit,
962 743 1044 802 etin
1062 752 1094 803 te

317 827 377 884 Ille
397 823 558 901 Cupidinei
580 845 683 886 mucro
706 827 820 886 furoris
841 826 945 884 hebet:

167 933 169 982 ι
270 911 436 971 Debueras
456 911 598 970 iuvenum
621 930 709 970 curas
733 912 942 985 miserescere,
965 930 1070 972 eorum

270 997 471 1072 §Expertus
494 996 577 1054 noris
602 1013 679 1069 cum,
700 995 856 1067 Cleobule,
878 996 974 1068 foces,

269 1079 343 1141 Nec
364 1098 455 1155 super
472 1080 604 1139 assuetis
623 1081 809 1141 stomachari
828 1082 932 1154 rebus,
952 1082 1114 1140 honestum

316 1165 476 1225 Foeminei
501 1165 606 1241 capitis
628 1185 685 1224 nec
703 1166 853 1242 populare
875 1166 977 1225 decus.

269 1253 358 1328 Ergo
376 1257 530 1309 momento
554 1269 634 1308 nuuc
655 1251 701 1308 illi
721 1269 828 1310 versus
851 1250 884 1307 in
904 1252 1020 1311 hostem
1043 1269 1088 1324 es,

317 1334 402 1409 Quae
421 1342 451 1392 te
473 1335 547 1394 olim
569 1337 668 1412 potuit
688 1337 786 1412 patris
806 1336 919 1393 hahere
939 1337 1013 1394 loco.

602 1499 707 1584 Μέχρι
728 1500 819 1567 τίνος.
1089 1506 1185 1584 ζ(32)
1259 1527 1262 1532 ·

271 1589 433 1665 Quatenus
455 1588 524 1661 hoc,
549 1589 639 1648 nohis
661 1597 695 1646 ut
713 1587 894 1647 suffuremur
915 1589 1040 1664 ocellos,
1309 1617 1315 1624 ·

314 1673 404 1734 Alter
425 1681 455 1730 et
474 1673 599 1732 alterius
621 1674 737 1731 lumina
761 1681 872 1744 servet,
896 1673 974 1731 erit?

272 1758 356 1820 Cura
375 1759 498 1818 fatenda
520 1758 620 1834 palam
642 1767 697 1817 eet.
719 1757 754 1819 si
773 1758 840 1832 quis
851 1767 954 1816 tamen
966 1759 1062 1817 hostis
1074 1760 1185 1820 amoris

314 1847 378 1904 Aut
399 1843 486 1917 dicto,
509 1851 562 1901 aut
580 1844 661 1902 facto
684 1845 745 1902 vim
767 1850 856 1919 parat
877 1853 968 1918 atque
987 1844 1101 1916 dolum,

271 1931 357 1992 Ense
376 1929 464 1988 malis
486 1929 601 1988 uostris
623 1929 787 1988 medemur.
811 1925 935 1987 Scilicet
956 1947 1018 1985 una

316 2013 448 2075 Suavius
473 2022 520 2078 est
541 2013 630 2088 nohis
653 2014 765 2086 vivere,
787 2012 924 2089 itemque
945 2013 1033 2072 mori.

546 2175 588 2241 Εἴ
605 2199 681 2240 ποτε
703 2178 757 2261 μὲν
779 2177 919 2260 κιθάρης.
1088 2184 1184 2262 ζ(33)

271 2268 395 2328 Plectra
414 2286 536 2344 gerens,
559 2267 691 2325 citharae
709 2266 808 2342 tetigit
829 2268 857 2324 si
875 2267 929 2324 filu
950 2286 1081 2326 canorae
1091 2291 1100 2342 ;

314 2352 446 2414 Aemula
467 2353 688 2431 Terpsichores
709 2369 780 2410 orsa
802 2353 884 2410 canit
901 2353 1021 2412 fidibus.

273 2437 516 2514 Grundiloquam
537 2437 653 2514 tragico
673 2455 776 2494 vocem
797 2437 824 2495 si
842 2437 953 2513 rumpit
974 2438 1072 2510 hiatu3

300 2523 525 2599 ,Melpomenes
546 2523 671 2580 bombos
693 2522 833 2598 exprimit
856 2542 909 2580 ore
930 2523 1025 2600 gravi.

273 2605 308 2670 Si
333 2616 415 2666 mota
436 2616 483 2667 est
501 2609 619 2666 formae
640 2606 680 2664 lis
703 2606 740 2663 de
763 2608 927 2666 certamine
934 2629 943 2680 ;
969 2610 1079 2667 victam

315 2692 451 2770 Cypride
471 2693 519 2751 vel
539 2693 632 2750 iudex
653 2691 763 2749 dixerit
783 2692 850 2766 ipse
871 2693 970 2752 Paris.

167 2827 168 2832 ,
272 2776 334 2839 Sed
355 2777 464 2837 melius
487 2785 615 2850 taccam,
637 2795 676 2834 ne
692 2777 831 2837 Bacchus
852 2779 998 2853 insufflat,
1022 2798 1057 2837 ac
1073 2800 1111 2838 ue

315 2861 500 2922 Concubitus
520 2863 631 2920 furient
651 2862 741 2934 hunc,
764 2862 910 2937 Ariadna,
930 2865 982 2922 tui.

410 2950 412 2953 ’
701 2949 760 3006 uel:
974 2955 976 2958 ’

313 3031 434 3091 Rursus
457 3032 627 3092 Ariaducos
652 3040 778 3109 expetat
795 3031 848 3090 ille
865 3033 981 3092 thoros.

640 3198 827 3283 Φωσφόρω
1088 3203 1183 3279 ζ(34)

273 3285 372 3344 Parce
394 3285 571 3362 Cupidineo,
591 3306 647 3346 neo
668 3295 698 3344 te
721 3287 832 3346 vicinia
852 3289 958 3346 Martis

313 3372 402 3430 Mitia
423 3372 568 3430 dedoceat
589 3380 722 3450 pectora,
744 3391 835 3448 parce
859 3391 952 3432 sacro.
992 3390 994 3395 ·

273 3458 373 3530 Atque
383 3465 417 3515 ut
426 3459 508 3534 apud
519 3457 695 3535 Clymenem
709 3458 1034 3517 servansPhaethonta
1044 3456 1183 3515 decorum

316 3539 433 3601 Cursor
455 3545 493 3601 ah
514 3551 632 3616 exortu,
650 3543 845 3618 Phosphore,
863 3543 963 3602 lentus
987 3561 1069 3601 eras:

274 3624 336 3699 Sic,
357 3627 431 3685 mihi
454 3647 532 3704 quae
553 3629 662 3706 cupido
683 3628 735 3686 vix
758 3647 792 3686 se
813 3628 911 3702 offert,
930 3636 1015 3686 nocte
1037 3628 1093 3688 sub
1112 3629 1182 3701 ista,

315 3711 357 3772 Ut
378 3713 434 3772 sub
454 3711 636 3786 Cimmeriis,
658 3712 738 3771 lente
760 3733 889 3787 morare,
907 3732 1024 3790 precor.
1219 3716 1224 3725 '
