3059 4492
722 504 873 598 jag-

470 667 563 729 τάσδε
589 669 654 752 μετ’
679 668 831 754 οὐρανίων
848 666 1014 753 Ῥωμύλος
1034 669 1180 732 ἐσθίεται.

346 754 394 828 13,
404 753 454 814 57.
469 747 636 817 Νειλιακοῦ
659 755 797 839 λαχάνου
817 755 958 837 γελάσεις
976 754 1110 838 έριιίιδεα
1129 752 1262 837 βυσμόν,

472 837 621 906 είλικτσδς
642 837 741 901 έλκων
764 839 869 923 χερσὶν
892 839 967 908 ὀδάξ
992 861 1026 900 τε
1049 838 1162 920 μίτους.

346 922 456 995 1318.
471 920 598 1005 εὐχερὲς
607 923 752 1007 ἀργυρίου
763 927 881 1007 χρυσοῦ
887 921 916 986 τ’
932 922 1016 1008 ἐρίου
1028 945 1060 984 τε
1073 923 1124 985 καὶ
1132 920 1263 999 ἔσθους,

472 1010 532 1067 τῶν
559 1007 593 1069 δὲ
615 1009 756 1091 μυκήτων
782 1006 820 1070 αδ
845 1008 881 1069 δυ
925 1007 994 1091 ερές
1017 1007 1079 1070 ἐστι
1102 1005 1195 1089 δόμα.

346 1091 394 1162 13,
405 1091 455 1151 34.
469 1093 564 1173 γραῦν
576 1092 629 1176 μὲν
646 1089 728 1176 ἔχων
739 1031 934 1175 wath&
948 1090 1024 1176 μέρη
1040 1090 1067 1153 δ’
1079 1091 1137 1154 όπδ
1151 1091 1264 1236 γαστρὶ

1050 1197 1102 1237 νεκ
1124 1200 1149 1237 ω
1173 1197 1219 1244 εις

472 1260 567 1344 μηδὲν
586 1259 680 1345 ἔχοις,
697 1258 819 1346 βόλβων
830 1261 898 1344 πρὶν
913 1198 1120 1343 κορέσασθαιξ
1127 1259 1212 1326 ἄκος.

348 1341 447 1417 1336·
460 1343 519 1408 οὖα
535 1345 589 1428 μὲν
604 1345 694 1428 ἐσμὲν
709 1345 801 1429 όγρής
812 1346 943 1428 γαστρὸς
958 1345 1161 1427 σκλήρυντρον
1175 1343 1262 1405 δπιό-

470 1430 557 1492 παιδὶ
579 1431 613 1492 δὲ
628 1431 746 1512 μᾶλλον
761 1430 861 1506 έοῦά,
878 1427 917 1513 ήέ
934 1451 993 1506 σοι,
1006 1427 1150 1511 ἁρμοδίή.
1195 1431 1264 1509 [ρή,

348 1510 396 1583 13,
405 1509 456 1569 27·
494 1515 654 1599 ρυσοχρὼς
669 1514 786 1576 δίδοται
805 1513 955 1597 καρυωτὶς
966 1513 997 1574 ἐν
1009 1511 1105 1595 ήματι
1119 1513 1236 1595 πρώτῳ

467 1537 580 1662 11άνου.
604 1599 703 1681 δῶρον
729 1599 815 1681 όμως
836 1597 910 1661 αὐτὸ
934 1595 1064 1680 πένητος
1085 1593 1156 1680 ἔφυ.

349 1679 396 1750 11,
411 1675 458 1737 18·
472 1686 531 1746 τῶν
550 1681 674 1765 καρύων
691 1683 744 1766 μὲν
758 1683 884 1767 ἄθυρμα
902 1683 1006 1764 μικρὸν
1025 1681 1193 1763 δαπάνημα
1207 1701 1262 1742 κοι-

474 1765 554 1829 ἀλλὰ
568 1765 656 1849 θαμὰ
667 1770 804 1848 γλουτῶν
815 1766 1112 1850 παιδίανοσρίσστο.
1136 1766 1263 1842 [λεῖταα

349 1845 458 1919 1335·
472 1853 546 1933 τῆλε
568 1852 674 1958 σοβοῦ,
695 1854 861 1936 παροδῖτα,
876 1847 972 1932 Ῥέης
990 1849 1161 1933 ἀκρόδρυον
1186 1849 1263 1930 εἰμί,

474 1934 557 2020 όφρα
582 1960 623 2018 μη
647 1936 690 2006 εἰς
713 1935 852 2022 σχέτλιον
875 1939 971 2018 κρᾶτα
991 1934 1117 2017 πέσοιμι
1138 1933 1221 1995 τεόν.

349 2017 397 2089 13,
408 2015 458 2076 36·
473 2017 609 2102 Πικηνοῦ
630 2027 792 2105 τριπτήρος
815 2020 1062 2101 ὑπεκκλερθεῖσα
1080 2019 1132 2081 καὶ
1154 2018 1239 2102 ἀρχὴ

473 2105 492 2186 ή
519 2104 598 2168 ἐλάα
619 2105 721 2174 δαιτὸς
743 2106 796 2169 Ικαὶ
817 2103 906 2172 τέλος
926 2103 1002 2186 αίιτή
1027 2103 1096 2187 ἔφυ.

350 2186 398 2259 13,
409 2185 459 2244 24·
475 2189 502 2250 εί
526 2190 622 2271 μέλιτι
644 2190 798 2275 μεθύοντα
816 2190 952 2252 κυδώνια
976 2191 1019 2256 τὶς
1040 2185 1197 2271 παραθείη

476 2273 526 2334 σοί
544 2296 630 2350 ποτε,
652 2279 748 2339 ταῦτα
767 2277 872 2338 καλεῖν
897 2273 945 2334 σοὶ
969 2273 1125 2356 μελίμηλα
1144 2269 1247 2352 θέμις.

350 2355 398 2428 13,
408 2355 459 2416 22.
474 2357 537 2440 εἰμὶ
555 2359 608 2441 μὲν
623 2361 660 2424 οὐ
673 2361 791 2444 χρηστὴ
807 2357 1020 2434 κυάθοις,οότ’
1037 2355 1164 2422 εὔθετος
1174 2353 1263 2439 οἴνῳ,

475 2441 511 2504 οδ
535 2444 651 2508 πίνοντί
672 2447 707 2528 μ’
732 2445 818 2528 όρως
836 2441 901 2525 εἰμί
921 2465 970 2504 σοι
989 2441 1076 2524 εἶδαρ
1100 2439 1144 2502 ἐό.

350 2526 398 2598 13,
409 2525 460 2584 23.
474 2526 620 2611 γήραλέιρ
638 2526 756 2614 Βάκχῳ
778 2527 896 2611 Σήτίνιρ
918 2525 997 2590 Χῖον
1021 2525 1122 2592 ἐοικός

476 2616 578 2688 σῦκον,
602 2613 731 2698 ἄκρατον
754 2615 833 2696 όμοό
854 2614 906 2675 καὶ
927 2611 1005 2679 ἅλας
1023 2609 1082 2692 ήδδ
1107 2606 1206 2692 φέρει.

351 2693 460 2765 13,28.
474 2697 570 2759 ταῦτά
599 2720 647 2759 σοι
675 2697 694 2760 ἃ
724 2697 846 2780 σπορίδι
873 2695 1093 2780 κοροροόμενα
1125 2691 1263 2755 κόκτανα

474 2777 602 2860 ἤλυθον,
615 2779 688 2844 είτοι
699 2780 751 2864 ’έήν
765 2780 901 2862 μείζονα,
912 2786 1003 2843 σῦκον
1015 2777 1108 2862 ἂνήν.
1130 2779 1264 2859 [πλεκτή

350 2860 459 2934 13,18.
475 2863 644 2948 βρωμῶδες
665 2869 699 2930 τὸ
721 2866 863 2949 τρίχωμα
886 2863 1079 2949 Ταρεντίνοιο
1099 2861 1234 2945 πράσοιο

476 2949 503 3011 εί
527 2947 651 3033 ἔφαγες,
672 2951 796 3018 κλείσας
820 2951 854 3012 τδ
879 2949 978 3032 στόμα
1000 2953 1093 3010 κῦσον
1115 2943 1181 3028 ἐμέ.

350 3031 461 3104 13,19.
477 3033 571 3102 ἄλσος
588 3033 740 3119 Ἀρικῖνσν
760 3034 865 3118 πράσα
884 3035 1030 3117 τιμήεντα
1052 3031 1170 3093 δίδωσι.

476 3121 585 3183 λευκὸν
611 3119 669 3204 όρα
690 3117 826 3205 χλοερᾶς
841 3119 956 3181 καυλδν
979 3116 1092 3201 ἔχοντα
1113 3113 1224 3197 κόμας.

350 3203 492 3288 13,37.ή
514 3201 709 3288 Κορκοραίου
733 3204 808 3266 τάδε
829 3206 956 3266 κλωνῶν
979 3201 1016 3286 ήν
1039 3200 1100 3263 ἀπὸ
1123 3200 1238 3280 κήπου,

474 3291 494 3374 ή
519 3289 570 3352 καλ
589 3287 760 3353 Μασσόλου
785 3291 869 3370 μῆλα
889 3288 1053 3372 δράκοντος
1076 3282 1140 3366 ἔην.

350 3373 400 3447 13,
411 3373 461 3434 29.
476 3374 512 3436 τὰ
536 3375 668 3458 βράβιλα
691 3373 778 3457 ξείνῳ
798 3373 969 3456 βυτιδόιδεα
987 3371 1081 3453 γήραϊ
1100 3367 1186 3437 δέξαι

478 3458 611 3540 σκληρὰς
632 3457 821 3540 μαλθάσσειν
840 3454 991 3541 γαστέρας
1010 3452 1155 3537 ἁρμόδια.
1375 3508 1376 3515 ,

351 3540 547 3616 13,101.σοὶ
564 3541 635 3606 τόδε
652 3539 786 3625 Θησείου
803 3539 1030 3625 προνομεότρια
1042 3532 1267 3620 πέμψενὙμή-
1375 3606 1376 3609 ¹

477 3623 642 3696 Παλλάδος
652 3626 686 3688 ἐκ
697 3626 836 3733 ξυλόχων
846 3625 905 3706 ήδδ
918 3623 1157 3706 μέλισσαγάνος.
1178 3624 1266 3699 [ττου
1375 3616 1376 3671 1

351 3708 482 3784 13105.
498 3707 525 3770 εἰ
538 3709 623 3791 δοίης
636 3709 783 3776 Σικελοὺς
801 3708 903 3790 Υβλής
919 3707 991 3782 ἄπο,
1012 3707 1122 3768 τοόσδε
1135 3705 1269 3788 καλοίής
1375 3774 1376 3781 χ

300 3890 941 4214 Absm
