3059 4492
650 513 799 637 21⁶-

272 705 334 764 162
364 705 508 764 Humane
527 707 589 768 vite
611 720 660 769 est
680 711 760 784 alen
779 714 812 772 in
831 733 891 790 qna
913 717 1035 777 vincere

267 789 345 848 Tem
366 791 534 865 fortuitum,
557 813 645 868 quam
670 815 798 857 neeesse
818 800 955 875 perdere.

272 960 317 1018 17.
362 958 397 1020 Si
417 979 522 1038 eogere
541 962 612 1022 ullis
632 965 781 1025 interesse
801 968 977 1046 coetibus[‚]

265 1043 351 1117 Quos
371 1045 517 1103 insolenti
538 1047 708 1109 diffluentes
731 1051 793 1109 otio

267 1128 323 1186 Vel
346 1129 430 1202 rire⁷
449 1130 497 1188 vel
519 1131 565 1190 vis
589 1134 688 1192 salide
711 1136 863 1194 commisit
884 1137 959 1195 meri

266 1212 496 1289 Tumultuosos,
519 1216 568 1274 vel
589 1218 710 1278 iooosus
733 1221 873 1297 garrulae

266 1297 446 1359 Dieeeitetis
472 1300 561 1359 solvit
579 1303 611 1360 in
633 1303 727 1364 risum
748 1305 867 1381 leposz.

267 1383 430 1460 Tantisper
449 1385 525 1442 haee
546 1385 849 1448 dum-detumescunt
869 1389 991 1464 frivole,

264 1469 434 1546 Praecepta
455 1470 535 1546 apud
556 1479 587 1528 te
606 1473 752 1532 refricans
774 1493 887 1532 memor
908 1494 978 1533 meu

264 1554 300 1620 In
322 1563 425 1612 mente
448 1555 592 1614 blandum
614 1577 724 1633 quaere
746 1577 903 1619 secessum
923 1567 984 1619 tua.

264 1639 376 1700 Potens
403 1640 450 1698 sui
470 1659 568 1715 mens,
590 1660 726 1719 quaeque
748 1663 783 1702 se
806 1663 960 1721 nunquam
981 1646 1068 1726 fugit,

264 1724 298 1783 In
321 1725 413 1802 plebe
436 1726 535 1783 media
556 1726 643 1785 dulce
665 1737 815 1787 secretum
835 1729 959 1788 invenit.

492 1895 540 1953 18.
586 1894 725 1970 Sophiste
744 1899 775 1953 in
799 1899 936 1956 condeio.

262 1975 329 2049 Quo
353 1987 384 2034 te
398 1978 579 2038 ambulando
602 1998 717 2054 cunque
739 1980 833 2039 vertis
852 1983 997 2058 gentium,

263 2061 364 2120 Vitare
386 2084 449 2122 non
472 2072 520 2122 est
542 2063 763 2141 disputatorum
783 2084 890 2142 genus,

262 2146 402 2225 Pugnan,
423 2157 607 2224 protervum,
627 2151 801 2224 factiosum,
818 2150 982 2228 garrulum,

263 2231 348 2307 Quos
370 2234 457 2310 pacis
479 2234 581 2294 hostes
606 2235 711 2308 ultimo
732 2236 808 2292 haee
829 2244 914 2295 aetas
934 2236 1013 2309 tulit,

261 2315 318 2389 Qui
339 2327 427 2396 noete
448 2318 556 2392 lucem,
572 2320 659 2396 nigra
680 2329 800 2379 vertunt
821 2321 968 2393 candidis,

261 2401 298 2460 Et
319 2404 530 2478 quaestionum
551 2405 691 2463 tristitate
714 2405 858 2464 condiunt

261 2486 357 2547 Natus
376 2489 411 2546 'in
435 2507 523 2547 usum
545 2491 639 2548 sobrii
661 2491 741 2549 ritus
762 2491 866 2566 dapes.

260 2571 324 2632 Hos
346 2589 403 2630 neo
426 2573 567 2632 decorum
591 2584 647 2647 est,
669 2593 725 2633 nee
746 2583 829 2633 tuum
851 2575 1000 2633 refellere.

260 2655 328 2715 Tali
349 2659 438 2718 hoste
456 2658 535 2716 vieto
562 2661 630 2736 quis
652 2661 821 2736 triumphus
843 2669 874 2719 te
896 2660 1018 2719 menet?

260 2741 407 2816 Luctante
429 2743 532 2800 eodem
555 2764 658 2822 pugno
678 2744 779 2822 gliscit
798 2746 901 2804 acrior.

260 2825 324 2885 Nec
339 2828 518 2904 dignitatem
539 2829 669 2888 frontem
691 2830 792 2888 ferrea
809 2831 907 2906 pudor
1022 2832 1168 2910 [frontet]

258 2912 434 2990 Expressus
456 2921 559 2991 auget:
583 2915 749 2974 claritatem
771 2935 828 2974 nee
848 2917 932 2976 debit

258 2996 387 3057 Extorta
409 2998 483 3057 rixis
506 2999 626 3058 veritas.
647 3000 683 3057 In
703 3001 808 3076 iurgiis

258 3081 378 3142 Vicisse
395 3082 485 3156 nolle,
511 3104 601 3159 quum
623 3103 728 3160 queas,
753 3086 881 3144 victorie
903 3095 958 3144 est.

262 3251 306 3310 19.
351 3251 421 3310 Non
444 3261 473 3312 te
494 3263 629 3314 vetamus
651 3255 785 3313 omnium
807 3274 863 3330 per
885 3254 990 3312 artium

259 3333 391 3413 Campos
414 3339 528 3416 vagari,
551 3348 698 3415 qnatenus
719 3347 851 3397 mentem
869 3347 951 3397 tuam

257 3421 302 3478 Ad
323 3421 454 3481 clariora
473 3432 666 3502 praeparant,
687 3444 746 3482 non
769 3432 926 3499 occupent

257 3504 325 3564 Una
347 3510 526 3586 aucupanda
547 3510 586 3568 sit
607 3510 662 3569 tibi
683 3509 811 3568 seientia

258 3589 344 3649 Vitae
365 3595 520 3671 magistre,
544 3593 678 3653 veritatis
701 3595 817 3671 regula,

260 3671 340 3748 Quae
362 3679 450 3757 fingit
470 3680 584 3740 animos
607 3679 734 3739 cultibus
756 3677 932 3754 sapientiae.

920 3778 940 3834 8
951 3774 966 3804 ὓ
