3059 4492
643 491 795 584 *Q

522 730 524 734 ,
577 657 706 738 Stropdu
731 659 850 719 XIIII.

261 745 316 806 Ob.
358 749 469 805 Amore
490 747 651 806 tremisco:
672 747 764 806 vitulo
784 744 895 823 gaudio
917 762 1023 821 vagus.

259 831 509 904 10‚10‚0Fau-
734 851 740 858 ·

261 935 323 988 -ne,
350 935 368 974 0
390 935 521 994 pervage
543 917 661 975 Faune:

261 1000 421 1078 Cylleniae
439 1002 581 1078 speculae
595 1003 666 1080 iuga

169 1113 170 1122 ¹
259 1089 336 1164 Age,
357 1105 387 1159 o,
405 1086 552 1163 ninguida
572 1087 675 1162 linque
697 1105 835 1164 scrupea.
856 1088 941 1147 adsis

259 1172 361 1229 Dedm
383 1171 582 1231 selisubsule:
605 1179 697 1248 atquc
715 1182 819 1250 gestus

169 1267 170 1270 ’
261 1255 452 1316 Gnossiacos
471 1276 527 1334 age
691 1259 694 1272 '

258 1343 391 1414 Mecum,
414 1341 623 1416 indocilesque
644 1343 723 1419 pede

260 1425 358 1499 Quate
380 1425 429 1482 hio
450 1427 589 1486 choreas.

257 1511 349 1570 Nunc
371 1511 445 1569 mihi
469 1512 604 1570 saltitare
625 1530 716 1569 curae
739 1517 795 1571 est.

258 1597 389 1654 Icarium
409 1596 507 1655 salum
535 1615 695 1674 superans,
718 1606 818 1656 trans·

259 1682 390 1740 -marine
412 1681 490 1740 Dive
514 1681 636 1758 Apelle,

256 1769 393 1844 Apertus
418 1775 447 1823 et
469 1785 620 1845 apparens

256 1853 375 1911 Adesto
395 1851 570 1926 placabilis,
595 1861 685 1929 atque
705 1853 792 1910 felix.

548 1939 746 2014 Aomoopna·
758 1938 884 1995 XIIII.

256 2022 407 2081 Remotus
425 2023 505 2080 onim
532 2041 601 2080 acer
624 2025 663 2081 ab
681 2024 776 2082 oculis
790 2021 863 2079 mali
875 2021 969 2078 labor.

256 2106 300 2180 Io,
322 2107 368 2180 Io,
391 2125 471 2165 nunc
494 2129 512 2166 o
536 2127 616 2166 nunc

227 2192 412 2260 ,Accedere
435 2193 540 2270 Iuppi-

257 2285 328 2350 -ter,
352 2276 466 2349 fausta,
490 2277 619 2336 candida
639 2277 692 2334 lux
715 2277 786 2336 sivit

258 2360 343 2421 Citas
364 2363 544 2440 fluctivagas
568 2369 661 2434 rates,
682 2362 752 2435 quia
773 2363 853 2420 Aiax
873 2402 876 2406 -

255 2447 370 2506 Furore
393 2447 523 2522 levatus,
545 2456 575 2506 et
597 2447 730 2504 Deorum

256 2532 343 2591 Iusta
365 2541 504 2607 operatus
526 2540 584 2604 est,

255 2618 297 2675 Et
320 2635 402 2674 nunc
421 2618 536 2694 pietate
559 2617 664 2676 colens

254 2701 315 2760 Pia
337 2702 477 2779 benigna.

257 2787 374 2846 Omnia
395 2794 514 2865 tempus
539 2806 608 2846 acre
632 2786 721 2844 delet.

253 2871 324 2930 Nec
345 2873 412 2929 fieri
432 2891 522 2931 omne
541 2891 647 2949 posse,
671 2873 843 2950 negandum
866 2881 922 2932 est.

253 2957 318 3018 Ubi
340 2957 408 3034 ipse
431 2959 588 3016 restitutus

253 3042 336 3101 Aiax
358 3042 445 3100 modo
464 3042 579 3102 Atridis
601 3042 647 3099 in·

255 3128 382 3204 ·opinus
405 3135 452 3187 est
475 3145 513 3185 ex
534 3126 673 3204 graviore
695 3126 758 3184 lite.

253 3211 406 3271 Nuncius.
450 3212 515 3270 Hos
526 3213 669 3289 primum,
683 3211 784 3284 amici,
799 3230 855 3270 vos
869 3231 926 3288 ego
944 3213 1070 3272 edoctos
1082 3214 1171 3274 volo:

253 3297 378 3356 Recens
399 3299 437 3355 ab
462 3297 533 3356 altis
553 3297 672 3374 Mysiae
696 3296 815 3355 Teucer
837 3297 917 3374 iugis
1172 3309 1226 3362 720

254 3382 362 3442 Adest.
386 3383 413 3442 is
440 3390 539 3439 autem
562 3381 663 3440 media
684 3390 786 3441 castra
801 3400 965 3459 permeans

252 3467 374 3526 Petitur
393 3467 511 3525 acerbis
530 3468 663 3525 omnium
684 3469 835 3545 Argivum·
852 3468 980 3543 probris.

253 3553 439 3611 Venientem
460 3552 539 3610 enim
552 3553 644 3611 ¹illum
667 3553 884 3612 sciscitabundi
904 3552 1005 3628 procul

255 3636 542 3697 circumsteteruntt
562 3639 633 3696 hinc
656 3647 688 3695 et
705 3639 777 3696 hinc
799 3638 947 3696 conviciis

255 3722 418 3795 Lacerant,
439 3723 604 3782 lacessunt.
628 3724 769 3782 nonfuit
791 3723 927 3799 quinon
951 3741 1019 3781 enm
1172 3736 1224 3790 725
