3059 4492
647 457 798 552 Q

171 689 172 700 ¹
480 619 599 696 Σώζεο,
621 623 669 685 σοὶ
690 621 813 705 μέλλων
828 621 965 686 ἐνέπειν.
1061 627 1179 708 wo)
1280 597 1284 602 ι

170 737 171 760 l
265 710 409 770 Dicturus
433 709 499 783 tibi,
522 710 603 784 Vita,
624 711 704 782 vale,
727 729 898 786 vocemque
915 713 1037 770 citatam

307 795 474 867 Rofiacum
493 811 598 854 rursus
621 797 819 872 sustineoqne
840 797 976 874 gradum.

266 880 367 956 thue
391 879 464 939 olim
489 879 577 957 niger
595 879 647 938 ille
669 881 734 941 dies
756 882 939 940 Acherontis
961 882 1066 955 amari,

308 964 360 1026 Sic
378 965 453 1022 mihi
474 964 593 1023 discidii
615 961 725 1024 caussa
745 967 881 1024 timenda
901 967 946 1024 tui
969 973 1026 1025 est.

265 1050 375 1110 Vultus
401 1050 480 1108 enim
502 1056 572 1108 tuus
595 1058 642 1109 est
663 1050 717 1108 lux
740 1051 845 1111 altera.
864 1051 934 1110 Lux
955 1061 1057 1110 tamen
1078 1050 1161 1109 omni

306 1134 394 1194 Voce
418 1141 508 1192 caret.
532 1133 656 1207 Contra,
681 1143 713 1194 tu
736 1137 809 1194 mihi
829 1137 924 1194 verba
943 1137 1039 1195 refers

265 1219 377 1279 Dulcia
398 1217 538 1280 Sirenum
560 1228 649 1278 cantu
673 1221 781 1298 magis,
805 1241 822 1279 e
844 1221 954 1297 qusstus
977 1222 1077 1280 omnis

306 1305 449 1364 Pendula
470 1303 542 1381 spes
566 1305 685 1363 animae
712 1313 830 1381 statque
853 1307 991 1382 caditque
1011 1325 1108 1365 mese.

523 1465 595 1553 Εἰμὶ
618 1470 673 1553 μὲν
696 1470 732 1534 cd
755 1469 922 1555 φιλόοινος.
1085 1472 1180 1553 ζ(67)

265 1559 336 1618 Non
359 1578 427 1617 sum
448 1558 591 1617 vinosus:
612 1555 673 1618 vin’
697 1579 745 1617 me
768 1560 923 1637 deponere
941 1560 1031 1618 vino?

307 1644 389 1716 Hac,
413 1643 494 1702 situ
516 1643 594 1702 libes
618 1643 737 1719 pocula,
763 1643 833 1722 lege
855 1645 967 1703 bibam.

264 1729 407 1792 Admoris
429 1736 481 1785 tua
499 1728 595 1801 labra,
618 1731 749 1804 nequibo
774 1730 893 1788 sobrius
913 1749 999 1790 esse:

307 1813 377 1874 Nec
399 1813 447 1871 fas
470 1821 582 1872 temeto
602 1832 696 1890 posse
720 1832 823 1872 carere
845 1815 928 1873 mihi.

263 1899 347 1960 Nam
364 1899 548 1957 transmissa
568 1899 629 1959 tuis
652 1899 691 1956 ad
712 1919 760 1957 me
779 1899 839 1956 fert
864 1901 969 1958 suavia
990 1899 1084 1957 labris

306 1985 366 2044 Ille
389 1983 479 2058 calix,
500 2003 629 2044 narrans
652 1984 733 2042 dona
757 1985 890 2061 superba
913 2003 977 2042 sus.

523 2146 652 2232 Μήποτε
672 2148 766 2234 λύχνε
789 2148 918 2231 μύκητα.
1085 2150 1181 2227 (ms)

263 2236 315 2297 Ne
336 2237 405 2314 quis
427 2245 585 2296 concretus
605 2238 661 2296 tibi
682 2237 795 2315 fungus
818 2245 963 2318 convocet
981 2237 1109 2297 imbres:

306 2321 364 2381 Vir
381 2323 477 2380 venit:
500 2323 569 2379 huic
592 2323 691 2382 nullas
716 2330 813 2396 necte,
833 2321 968 2391 lucerna,
984 2341 1097 2381 moras.

263 2406 363 2466 Nulla
381 2407 468 2466 faves
492 2407 614 2465 Veneri.
640 2407 721 2466 Nam
747 2427 813 2465 cum
836 2406 1010 2464 condixerat
1031 2407 1114 2465 Hero

307 2492 451 2550 Leandro
475 2525 513 2535 ——
541 2493 590 2564 ah,
617 2493 727 2566 anime,
752 2500 873 2550 caetera
893 2510 984 2567 parce
1004 2491 1097 2567 loqui.

262 2577 404 2636 Vulcano
430 2578 535 2636 servis.
554 2577 645 2650 Hinc,
668 2597 706 2635 ne
728 2576 900 2636 adverseris
920 2577 1009 2635 herili

307 2660 420 2735 Curae,
443 2669 475 2720 tu
494 2663 608 2721 Veneri
630 2681 752 2739 semper
771 2663 878 2738 iniqua
899 2681 1016 2721 manes.

544 2825 583 2891 Τι’
602 2827 776 2912 στενάχεις;
800 2828 910 2912 φιλέω.
1087 2830 1183 2908 uos)

261 2917 325 2978 Dic
341 2916 481 2994 agedum,
496 2918 568 2992 quid
581 2917 740 2994 suspiras?
752 2920 842 2976 Amo.
857 2915 1015 2989 Quamne?
1033 2915 1182 2974 Puellam.

306 3001 497 3078 Pulchram?
522 3001 655 3060 Pulchra
676 3001 841 3060 oculisest
862 3020 898 3058 ea
916 3001 984 3059 visa
1001 3001 1087 3059 meis.

260 3093 325 3148 Ast
347 3087 400 3145 ubi
423 3087 491 3146 visa
511 3087 567 3145 tibi
586 3086 652 3146 est?
673 3087 722 3145 Ad
742 3104 867 3144 coenam
888 3087 969 3144 forte
991 3093 1113 3160 vocatus

307 3171 391 3242 Vidi,
412 3189 603 3230 communem
624 3179 780 3246 presserat
797 3170 852 3227 illa
871 3172 983 3228 torum'.

262 3255 348 3334 Spes
372 3263 420 3315 est
438 3275 531 3333 posse
553 3257 631 3314 frui?
654 3255 746 3333 Spes,
768 3275 786 3312 ο
807 3255 894 3314 bone.
917 3252 1058 3329 Denique
1079 3259 1184 3328 aperte

308 3339 390 3400 Non¹
402 3360 478 3399 amo.
500 3342 641 3401 Furtivae
662 3360 758 3400 venor
777 3340 935 3398 amicitias.

260 3425 438 3504 Legitimos
457 3427 605 3485 thalamos
625 3426 705 3504 iugis
726 3425 820 3504 crgo?
841 3426 924 3484 Vera
933 3422 1057 3500 putasti.
1168 3426 1170 3433 '

309 3511 403 3586 Quod
424 3529 493 3570 sors
515 3512 585 3569 hnic
606 3521 718 3589 parvas
738 3527 850 3585 nempe
870 3509 994 3585 reliquit
1013 3505 1112 3583 opes?

261 3598 369 3658 Omne
383 3603 481 3654 tenes.
496 3597 592 3674 Igitur
603 3615 660 3654 nec
675 3613 759 3654 amas
769 3593 867 3653 bene?
883 3589 1185 3666 FallereNunquam

307 3681 408 3740 Recta
428 3690 540 3756 putans
563 3682 681 3742 animus
705 3680 899 3756 impatienter
920 3685 1011 3737 amat.
