3059 4492
717 485 757 546 29

276 651 355 725 Quis
377 653 491 711 turbo?
512 671 590 727 quae
612 655 781 714 aestuantis
804 675 878 712 aura
901 656 1041 716 fortunae

276 737 323 795 Te
338 745 444 805 ,mutat
466 737 568 809 aliam,
587 739 694 817 quisve
716 758 807 800 casus
830 740 959 818 affligit?

276 821 364 894 Quae
387 823 496 894 tristis,
516 842 624 900 expes,
648 842 738 883 cassa
759 825 849 896 lucis,
872 833 980 899 atrata,

278 905 467 982 Squallentis
493 908 632 966 obsoleta
651 909 794 968 sordibus
816 910 914 968 luctus

275 995 410 1064 Moeres,
429 1002 462 1049 ut
482 994 566 1065 orba,
584 1011 663 1067 quae
685 994 737 1052 flet
757 995 878 1052 unicum
898 997 1013 1054 mater?

275 1078 399 1154 Regina
419 1085 463 1134 tot
485 1097 596 1150 rerum,
620 1086 650 1136 et
669 1086 716 1137 tot
735 1080 852 1136 urbium
867 1082 1020 1156 princeps,

275 1163 339 1222 Ubi
359 1170 481 1220 tuorum
504 1171 551 1221 est
572 1163 626 1220 lux
646 1172 767 1221 vetusta
788 1173 985 1240 sceptrorum,

276 1249 317 1305 Et
338 1267 431 1305 aureo
456 1247 619 1322 splendore
642 1248 718 1306 fulta
739 1249 908 1308 maiestas?

277 1333 418 1406 Totoque
442 1333 540 1390 maior
561 1334 645 1405 orbe,
669 1353 725 1410 par
747 1335 822 1411 polo
844 1335 964 1394 fastus?

277 1417 389 1491 Illique
410 1418 513 1494 magni
534 1417 646 1494 gloriae
668 1426 737 1476 tuae
756 1420 880 1478 fasces?

164 1498 165 1569 l
276 1502 339 1562 Ubi
361 1499 495 1574 Quirites
516 1503 574 1559 heu
592 1503 647 1562 tui.
671 1504 715 1561 tui
737 1505 831 1576 cives,

276 1587 408 1646 Delecta
430 1589 539 1664 pubes,
561 1589 706 1647 flosculus
729 1589 914 1647 iuventutis?

276 1671 340 1732 Ubi
361 1671 436 1732 Divi
459 1672 572 1730 alumni
593 1672 764 1750 Principes,
786 1674 870 1732 Iovis
891 1693 1006 1747 semen,

276 1758 429 1816 Proceres
452 1757 545 1829 beati,
568 1757 701 1815 debitum
723 1778 819 1836 genus
840 1759 937 1831 caelo,

275 1842 407 1901 Fulmen
431 1842 535 1914 duelli,
555 1849 654 1901 terror
677 1845 790 1902 Adriae
812 1846 925 1922 magni,

279 1928 383 2004 Opum
401 1926 584 1987 hostiearum
606 1928 744 1986 martiale
762 1937 956 2001 tormentum,

278 2013 391 2070 Tutela
413 2013 542 2087 patriae,
567 2032 637 2088 spes
663 2013 830 2072 labantium
853 2033 964 2086 rerum,

277 2097 371 2156 Pacis
395 2097 556 2172 sequestri,
576 2098 750 2173 civibusque
767 2099 879 2170 devoti,

279 2181 437 2259 Scaligera
459 2182 593 2255 soboles,
616 2185 667 2257 qui
687 2184 855 2242 Feretrium
879 2183 972 2240 tantis

279 2269 341 2326 Tot
362 2267 435 2325 olim
460 2268 583 2344 opimis,
605 2276 704 2342 teque,
725 2268 807 2326 Diva
828 2267 1016 2326 mactarunt?
1170 2326 1172 2332 ,

280 2352 375 2426 Queis
394 2359 437 2409 tot
455 2347 634 2428 triumphos,
650 2362 693 2412 tot
712 2353 872 2430 trophaea,
891 2361 936 2412 tot
956 2353 1075 2421 laurus3

279 2437 373 2510 Queis
398 2438 511 2514 sceptri
531 2438 672 2510 honores,
696 2447 785 2514 atque
803 2458 912 2496 nomen
936 2440 1093 2514 Augustae

279 2526 414 2597 Accepta
434 2523 538 2594 debes,
563 2542 700 2599 quaeque
725 2524 807 2582 mole
831 2523 954 2582 sublimi

278 2608 397 2666 Educta
416 2609 577 2667 Mausolea
596 2618 760 2684 provocant
780 2608 920 2668 coelum?

277 2693 363 2752 Proh
387 2700 501 2750 sortem
524 2694 678 2754 acerbaml
703 2695 778 2769 proh
804 2693 964 2752 ‘volubilem
988 2695 1108 2752 casum!

280 2777 437 2850 Quantae
459 2797 600 2854 supremo
620 2779 749 2837 culmine
773 2788 802 2836 et
821 2787 901 2838 statu
923 2797 1023 2835 rerum

280 2862 402 2935 Quanta
424 2863 579 2921 excidistil
601 2884 664 2922 non
687 2865 742 2921 tibi
763 2864 859 2921 obfuit
882 2870 1010 2934 tantum,-
1148 2915 1151 2924 ,

280 2947 360 3022 (Nec
379 2967 471 3023 posse
495 2949 629 3023 credam)
652 2956 746 3006 nauta
763 2948 880 3025 lapidis
899 2949 995 3023 ripae,
1024 2947 1193 3023 [Iapydtsl]

281 3031 433 3104 Quantum
455 3053 526 3105 une,
552 3033 646 3091 sudos
670 3053 748 3108 quae
774 3034 829 3092 tibi
851 3033 928 3105 dies,
951 3051 1088 3110 quaeque

278 3118 416 3176 Fortuna
435 3126 684 3194 praeterpropter
702 3119 819 3177 invidet
837 3118 944 3176 lucem.

320 3205 420 3260 Aeto
444 3211 573 3261 venusta
593 3211 700 3273 mater,
723 3223 873 3280 opereris
897 3203 990 3262 salve.

280 3288 308 3346 0
331 3307 401 3353 mea
423 3289 569 3359 creatrix;
592 3307 707 3362 vosque
730 3289 788 3346 rite
810 3288 959 3346 maiorum

280 3371 404 3431 Salvete
427 3392 543 3432 manes.
566 3373 623 3429 Ille
644 3392 702 3450 ego
726 3393 820 3450 nepos
844 3381 956 3444 vester,

278 3456 349 3515 Pila
369 3465 461 3533 atque
483 3457 581 3530 lusus,
601 3457 807 3533 ludicrumque
827 3459 983 3516 fortunae:

280 3541 413 3600 Currens
436 3543 572 3618 parentis
593 3543 662 3599 exul
684 3543 782 3602 exulis
802 3559 936 3600 cursum:

278 3627 339 3684 Pro
360 3628 440 3684 farre
461 3628 554 3700 salso,
573 3645 685 3703 proque
708 3628 820 3686 adoreo
841 3627 914 3699 libo,

279 3712 342 3771 Pro
364 3720 442 3786 ture,
465 3731 581 3790 proque
603 3712 709 3772 februo
731 3711 893 3790 parentali,

660 3979 666 4010 l
