3059 4492
724 473 875 566 Q—

343 641 384 698 Et
401 649 557 703 momenta
575 641 661 718 lyrae
682 641 792 702 fidibus
816 640 981 700 commissa
1001 642 1131 702 cancris.

342 724 483 800 Denique
503 733 577 800 quot
597 745 698 787 rerum
720 727 822 786 diviua
840 725 969 786 Poetica
989 725 1081 786 flores

345 808 516 886 complexa
538 819 595 884 est,
620 831 682 870 uno
701 813 788 888 pueri
807 831 840 870 se
861 817 986 888 pectore
1012 811 1158 872 conduntr

345 896 459 955 Omnia
481 915 558 970 quae
580 903 697 954 tentata
718 896 773 954 tibi
794 896 934 954 felicibus
957 895 1042 954 ausis

343 980 455 1040 Mentis
473 980 674 1040 inexhaustae
692 981 783 1058 primi
803 981 904 1039 lusere
927 979 1057 1039 calores.

343 1066 418 1124 Mox
440 1066 492 1126 ubi
513 1067 593 1124 trina
614 1066 669 1125 tibi
690 1066 898 1140 quinquennia
917 1065 1053 1126 condidit
1072 1071 1169 1138 aetas,

344 1149 391 1208 Te
412 1151 529 1213 maiora
546 1159 673 1211 vocant:
693 1169 795 1210 rerum
819 1149 985 1226 disquirere
1005 1168 1114 1210 causas

343 1236 417 1294 Fert
438 1237 570 1308 animus,
591 1236 673 1294 docti
692 1236 848 1294 recludere
870 1254 957 1296 sacra
975 1235 1099 1310 Lycaei,
1123 1235 1263 1315 [Lyccil]

344 1321 385 1380 Et
405 1323 518 1384 veteris
541 1328 624 1380 totos
645 1322 791 1381 Academi
813 1320 946 1397 paudere
968 1337 1087 1378 census.

344 1405 413 1465 Nec
434 1425 508 1464 vero
529 1406 678 1466 interdum
702 1406 780 1466 caeli
802 1413 957 1466 momenta
975 1404 1106 1464 volantis

345 1491 499 1548 Intentata
520 1492 587 1563 tibi,
607 1510 664 1548 nec
683 1509 758 1565 quas
780 1491 914 1552 Nilotica
935 1491 1089 1567 Memphis

346 1575 431 1637 Solis
453 1576 485 1633 in
509 1584 615 1633 exacto
638 1576 770 1652 signavit
789 1576 911 1652 pulvere
933 1584 1040 1634 metas.

345 1661 388 1721 Ut
404 1680 461 1737 per
480 1681 580 1737 prona
598 1661 658 1718 ruit
679 1660 798 1722 nivibus
823 1662 860 1720 de
880 1670 983 1721 moute
1011 1661 1131 1733 solutis,

345 1745 413 1803 Nec
432 1746 493 1803 iam
515 1747 582 1804 finit
601 1736 696 1820 aquas
713 1747 848 1823 riparum
870 1746 1006 1823 margine
1028 1754 1167 1805 torrensr

345 1831 407 1888 Per
429 1831 534 1906 scripti
554 1850 646 1891 omne
667 1842 762 1908 genus
785 1831 857 1892 latis
880 1831 1070 1892 discursibus
1093 1851 1176 1892 erras

346 1916 477 1993 Ingenii,
498 1916 545 1974 cui
566 1916 652 1978 nulla
672 1916 730 1974 fuit
750 1935 893 1976 mensura
912 1915 1019 1974 ruenti.
1061 1926 1067 1932 “

346 1999 441 2060 (luins
459 2001 497 2058 ad
519 2002 658 2062 excelsas
681 2001 752 2062 dum
776 2021 809 2062 se
832 2001 913 2061 celer
932 2002 1064 2076 impetus
1087 2009 1168 2060 artes

345 2086 491 2163 Expedit,
512 2096 543 2148 et
561 2095 627 2147 toto
651 2085 785 2162 Sophiae
808 2105 842 2146 se
861 2086 976 2163 proluit
994 2103 1094 2157 amne,

344 2172 522 2231 Extenuant
546 2172 686 2234 iuvenem
709 2173 851 2249 vigilatae
875 2191 913 2232 ex
935 2171 1042 2232 ordine
1064 2178 1183 2243 noctes,

346 2255 446 2318 Tabet
468 2258 506 2318 ab
526 2258 674 2317 exhausto
694 2277 804 2332 corpus
826 2256 999 2318 miserabile
1021 2273 1123 2316 succo.

345 2340 413 2400 Nec
433 2361 531 2414 mora,
552 2361 608 2404 nec
627 2343 759 2416 requies,
784 2342 951 2403 studiorum
975 2341 1112 2400 dulcibus
1136 2361 1244 2402 amens

345 2427 521 2488 Immoritur
542 2427 632 2497 curis,
655 2435 685 2484 et
707 2445 817 2486 vescas
840 2428 971 2502 carpitur
992 2433 1085 2497 artua,

345 2512 477 2571 Abdicet
498 2520 529 2569 ut
548 2513 642 2572 vitam
661 2512 740 2570 vitae
759 2512 941 2572 immortalis
966 2517 1080 2582 amore,

344 2597 411 2654 Iam
432 2596 561 2656 collecta
585 2597 675 2654 cutim
694 2597 808 2656 macies
829 2597 964 2654 adducit:
988 2596 1156 2654 hebescunt

347 2679 514 2757 Ocllapsae
532 2681 627 2738 vires:
650 2681 688 2738 de
707 2689 794 2741 tauto
816 2681 945 2756 denique
963 2679 1073 2740 Dousa

345 2764 399 2824 Nil
421 2773 542 2842 praeter
561 2765 696 2841 linguam
718 2775 868 2842 superest.
891 2785 928 2824 ea
949 2767 1017 2826 sola
1039 2772 1197 2841 parentem

345 2849 530 2924 Alloquitur,
552 2850 698 2924 vacuique
719 2869 826 2910 omnes
849 2851 975 2908 effundit
996 2850 1028 2908 iu
1048 2849 1134 2911 illum

346 2935 503 3010 Reliquias
526 2934 633 2995 animi:
655 2934 729 2994 Nou
753 2944 795 3008 te,
819 2935 994 2996 dulcissime
1015 2953 1127 3008 rerum,

237 3090 240 3095 Ι
346 3020 493 3079 Luctibus
516 3021 677 3082 obsessum
699 3021 792 3098 longo
817 3040 956 3082 sermone
981 3021 1130 3082 morabor.

345 3105 416 3165 Nou
438 3125 477 3163 cx
497 3105 656 3181 praecipiti
675 3105 756 3165 vitae
778 3106 852 3165 mihi
871 3105 989 3166 tollitur
1010 3123 1094 3164 usus.

346 3190 530 3268 Iampridem
548 3190 647 3251 morbi
666 3191 750 3251 lenta
771 3190 931 3251 obsidione
952 3209 1082 3267 peresus

346 3275 442 3336 Disco
464 3276 549 3340 mori.
572 3276 705 3352 Perage
726 3283 757 3335 te
777 3277 879 3348 istem,
902 3295 991 3351 quam
1010 3276 1130 3346 desero,
1149 3273 1264 3349 lucem,

348 3361 505 3437 Quamque
523 3361 578 3423 tibi
601 3370 755 3437 acceptam
774 3362 887 3435 refero,
910 3380 949 3420 ue
973 3361 1089 3422 confice
1109 3360 1201 3432 curis,

347 3445 446 3520 Quem
468 3447 586 3522 patriae
609 3446 703 3506 debes
726 3447 869 3506 animum.
892 3445 1016 3506 Desiste
1040 3445 1156 3518 dolere,

347 3528 437 3603 Quod
455 3531 539 3592 feror
560 3539 631 3593 ante
651 3532 743 3604 diem,
769 3532 852 3606 quod
875 3532 981 3590 funere
1003 3529 1097 3590 tollor
1117 3529 1242 3590 acerbo.

346 3615 419 3678 vtta
440 3633 513 3676 suas
533 3624 631 3676 metas
649 3624 730 3687 actu,
752 3637 814 3674 uon
835 3625 974 3690 tempore
994 3613 1070 3674 finit.

348 3698 404 3762 Sat
424 3699 509 3770 vixit,
531 3699 583 3773 qui
604 3708 652 3759 sat
673 3700 803 3775 patriae,
826 3708 874 3760 sat
894 3695 1009 3774 profuit
1030 3697 1106 3756 orbi.
