3059 4492
743 431 894 568 Aa„

363 643 405 703 34
609 641 743 700 Latonae
762 644 902 718 tussim
922 661 1031 702 murra.

364 728 393 789 Ο
415 729 534 786 Latona
554 726 761 804 gemellipara,
782 728 930 801 trabeata,
950 727 1092 800 verenda,

362 812 458 872 Nerio
482 810 639 884 Coeantis,
662 811 789 870 multum
811 813 913 886 votita,
936 813 1096 889 modisque

362 898 535 975 Morigeris,
557 898 644 955 Iovio
667 905 755 972 partu
778 897 926 956 ditescere
947 898 1028 956 dulci

362 981 535 1042 Promerita
556 1001 601 1055 es,
620 981 772 1040 Februum
790 984 957 1058 lanamque
976 983 1238 1061 sagittipotentem

361 1068 587 1147 Progenerans,
609 1067 690 1124 hunc
709 1067 741 1125 in
763 1067 856 1141 Delo,
880 1087 946 1126 eam
968 1068 1000 1126 in
1020 1069 1149 1146 Ortygia
1170 1071 1243 1130 ulta.

361 1154 443 1231 Ergo
464 1153 523 1210 huc
544 1152 690 1210 adventes
708 1153 866 1228 praesenti
887 1154 1009 1211 numine
1030 1153 1102 1227 Dia,

362 1238 434 1297 Huc
454 1237 539 1310 ades,
564 1244 594 1294 et
616 1255 704 1296 sacro
726 1237 770 1296 sis
791 1237 867 1295 felix
888 1238 1087 1314 pandiculeri.

363 1407 405 1468 35
608 1407 740 1464 Deianae
758 1407 899 1482 suffimen,
920 1427 1038 1465 monna

362 1491 441 1565 Huc,
464 1493 557 1549 huoo
579 1490 694 1567 regina,
716 1492 801 1550 Iovis
822 1491 1021 1550 celeberrima
1040 1492 1136 1570 virgo,

362 1577 486 1648 Libera,
506 1575 663 1652 fumigare,
685 1574 812 1649 Titana„
830 1576 1113 1654 sagittipotensque,

362 1661 522 1733 Venatrix,
541 1660 660 1717 Lucina
681 1679 805 1736 parens,
825 1661 998 1734 manifesta,
1018 1663 1168 1738 parunda,

361 1746 514 1806 Portubus
538 1744 668 1802 adiutrix
688 1747 825 1820 maturis,
848 1747 995 1822 partubus
1015 1766 1136 1823 expers,

363 1830 482 1903 Cinxia,
503 1829 669 1906 curifugax,
693 1831 856 1908 ceritaque,
878 1830 1080 1908 vertugidnca,

361 1914 558 1992 Noctu'volga
577 1914 656 1988 Dea,
679 1917 861 1990 arcitenens,
884 1917 1034 1988 venatica,
1056 1918 1180 1993 pernix,

361 2003 529 2074 Verrunca,
550 2007 579 2058 et
599 1999 787 2075 Benevento,
809 2000 1014 2076 Calenisque,
1027 2002 1277 2079 masculiformis,

360 2085 1277 2163 Ponima,nummeniaatquehominumsanctissimanutrix,

362 2171 538 2244 Summano,
558 2172 699 2248 agrestis,
719 2171 854 2244 fericida,
872 2173 973 2245 beata,
995 2171 1148 2248 locuples,

362 2256 448 2331 Quae
469 2257 555 2316 lucos
576 2255 707 2328 habitas,
732 2257 915 2329 castissima,
934 2257 1143 2331 cervitrucida,

361 2342 481 2419 Regina
503 2348 642 2418 augusta,
663 2347 693 2398 et
714 2341 803 2398 viridi
823 2341 997 2417 spectabilis
1020 2362 1106 2414 aevo,

362 2425 511 2500 Oudonis,
531 2427 706 2498 Vortumna,
729 2424 869 2500 canaria,
887 2427 1042 2504 fagutalis,

361 2510 432 2571 Huc
452 2512 557 2570 venias
580 2511 638 2568 huo
656 2509 747 2584 Diva,
768 2512 828 2570 tuis
854 2519 885 2569 et
906 2512 1023 2588 sospita
1044 2517 1074 2568 et
1096 2510 1179 2568 alma

361 2596 564 2656 Praestitibus
587 2595 699 2653 ducens
722 2596 814 2653 terrai
835 2597 960 2673 pignora
982 2596 1099 2654 adulta:

361 2680 509 2757 Donaque
528 2681 612 2757 pacis
635 2698 790 2754 amoenae,
811 2681 1085 2757 polorioomamque
1107 2681 1252 2740 salutem:

361 2767 457 2842 Inque
479 2766 558 2825 altos
578 2773 694 2824 montes
714 2765 832 2841 protelo
851 2766 969 2839 funera,
988 2768 1118 2825 morbos.

361 2937 402 2996 36
616 2936 784 2993 Titanorum
804 2936 945 3011 suffimen,
968 2947 1022 2994 tus.

360 3020 463 3082 Titani
482 3029 580 3078 terrae
602 3027 632 3077 et
652 3018 729 3078 coeli
748 3018 954 3078 illustrissima
975 3020 1098 3095 stirpes,

358 3105 545 3165 Nostrorum
566 3104 674 3181 proavi
695 3112 824 3181 patrum,
854 3105 935 3163 intra
956 3104 1085 3162 Tartara
1106 3123 1214 3181 regna,

359 3191 496 3254 Aedibus
518 3190 664 3248 horrificis
684 3199 784 3247 terrae
806 3190 952 3248 intestina
976 3189 1124 3261 colentes,

358 3275 548 3352 Principium
569 3283 599 3332 et
620 3293 723 3333 semen
746 3275 860 3332 cunctis
883 3274 1086 3333 animantibus
1108 3274 1225 3351 aegris,

359 3361 450 3423 Acris
473 3367 502 3417 et
521 3360 611 3418 maris
631 3367 661 3416 et
683 3359 778 3436 terrai¹
795 3358 965 3436 frugiferai:

361 3447 410 3505 Ex
431 3445 516 3505 vobis
539 3443 689 3518 siquidem
710 3445 876 3522 generatim
901 3452 949 3504 est
965 3444 1055 3502 omni'
1078 3462 1232 3521 propago.

359 3530 422 3590 Vos
443 3549 583 3602 veneror,
603 3528 665 3587 iras
686 3547 937 3588 averruncassere
955 3530 1087 3604 iniquas,

360 3612 396 3675 Si
417 3615 484 3690 quis
505 3615 543 3674 ab
561 3613 698 3672 induforo
717 3621 821 3674 nostra
841 3614 964 3674 incubat
985 3613 1060 3673 aede
1082 3611 1211 3675 Senatu.
