<?xml version="1.0" encoding="UTF-8"?>
<!DOCTYPE html PUBLIC "-//W3C//DTD XHTML 1.0 Transitional//EN"
    "http://www.w3.org/TR/xhtml1/DTD/xhtml1-transitional.dtd">
<html xmlns="http://www.w3.org/1999/xhtml" xml:lang="en" lang="en">
 <head>
  <title>
</title>
<meta http-equiv="Content-Type" content="text/html;charset=utf-8" />
  <meta name='ocr-system' content='tesseract 3.04.00' />
  <meta name='ocr-capabilities' content='ocr_page ocr_carea ocr_par ocr_line ocrx_word'/>
</head>
<body>
  <div class='ocr_page' id='page_1' title='image "./poemataomnia01scalgoog_0314.png"; bbox 0 0 3059 4492; ppageno 0'>
   <div class='ocr_carea' id='block_1_1' title="bbox 752 484 902 578">
    <p class='ocr_par' dir='ltr' id='par_1_1' title="bbox 752 484 902 578">
     <span class='ocr_line' id='line_1_1' title="bbox 752 484 902 578; baseline 0.007 -35"><span class='ocrx_word' id='word_1_1' title='bbox 752 484 902 578; x_wconf 51' lang='lat' dir='ltr'>Q</span> 
     </span>
    </p>
   </div>
   <div class='ocr_carea' id='block_1_2' title="bbox 298 649 1251 1581">
    <p class='ocr_par' dir='ltr' id='par_1_2' title="bbox 298 649 1251 1581">
     <span class='ocr_line' id='line_1_2' title="bbox 368 649 1251 732; baseline 0.008 -24"><span class='ocrx_word' id='word_1_2' title='bbox 368 649 466 723; x_wconf 77' lang='lat' dir='ltr'>Quam</span> <span class='ocrx_word' id='word_1_3' title='bbox 487 650 739 727; x_wconf 79' lang='lat' dir='ltr'>opulentitatem?</span> <span class='ocrx_word' id='word_1_4' title='bbox 759 671 881 729; x_wconf 89' lang='lat' dir='ltr'>nanque</span> <span class='ocrx_word' id='word_1_5' title='bbox 902 672 961 732; x_wconf 81' lang='lat' dir='ltr'>ego</span> <span class='ocrx_word' id='word_1_6' title='bbox 981 653 1013 712; x_wconf 92' lang='lat' dir='ltr'>iu</span> <span class='ocrx_word' id='word_1_7' title='bbox 1036 661 1066 712; x_wconf 91' lang='lat' dir='ltr'>te</span> <span class='ocrx_word' id='word_1_8' title='bbox 1088 660 1150 713; x_wconf 87' lang='lat' dir='ltr'>tota</span> <span class='ocrx_word' id='word_1_9' title='bbox 1171 673 1251 716; x_wconf 85' lang='lat' dir='ltr'>sum.</span> 
     </span>
     <span class='ocr_line' id='line_1_3' title="bbox 299 730 1094 814; baseline 0.003 -18"><span class='ocrx_word' id='word_1_10' title='bbox 299 730 352 787; x_wconf 68' lang='lat'>520</span> <span class='ocrx_word' id='word_1_11' title='bbox 370 733 418 796; x_wconf 87' lang='lat' dir='ltr'>Sit</span> <span class='ocrx_word' id='word_1_12' title='bbox 431 741 466 792; x_wconf 87' lang='lat' dir='ltr'>et</span> <span class='ocrx_word' id='word_1_13' title='bbox 485 735 558 792; x_wconf 91' lang='lat' dir='ltr'>mibi</span> <span class='ocrx_word' id='word_1_14' title='bbox 578 745 735 812; x_wconf 84' lang='lat' dir='ltr'>respectus</span> <span class='ocrx_word' id='word_1_15' title='bbox 759 738 880 814; x_wconf 91' lang='lat' dir='ltr'>aliquis.</span> <span class='ocrx_word' id='word_1_16' title='bbox 904 758 974 796; x_wconf 88' lang='lat' dir='ltr'>nam</span> <span class='ocrx_word' id='word_1_17' title='bbox 995 739 1094 800; x_wconf 90' lang='lat' dir='ltr'>bonos</span> 
     </span>
     <span class='ocr_line' id='line_1_4' title="bbox 368 820 1078 897; baseline 0.004 -18"><span class='ocrx_word' id='word_1_18' title='bbox 368 821 520 879; x_wconf 89' lang='lat' dir='ltr'>Memores</span> <span class='ocrx_word' id='word_1_19' title='bbox 542 820 651 897; x_wconf 82' lang='lat' dir='ltr'>prioris</span> <span class='ocrx_word' id='word_1_20' title='bbox 673 840 742 881; x_wconf 89' lang='lat' dir='ltr'>esse</span> <span class='ocrx_word' id='word_1_21' title='bbox 764 824 917 882; x_wconf 79' lang='lat' dir='ltr'>benefacti</span> <span class='ocrx_word' id='word_1_22' title='bbox 936 822 1078 882; x_wconf 84' lang='lat' dir='ltr'>addecet:</span> 
     </span>
     <span class='ocr_line' id='line_1_5' title="bbox 368 905 1007 985; baseline 0.002 -21"><span class='ocrx_word' id='word_1_23' title='bbox 368 906 408 964; x_wconf 83' lang='lat' dir='ltr'>Et</span> <span class='ocrx_word' id='word_1_24' title='bbox 428 905 526 982; x_wconf 82' lang='lat' dir='ltr'>gratia</span> <span class='ocrx_word' id='word_1_25' title='bbox 547 905 609 962; x_wconf 87' lang='lat' dir='ltr'>elia</span> <span class='ocrx_word' id='word_1_26' title='bbox 628 907 755 984; x_wconf 85' lang='lat' dir='ltr'>gratiam</span> <span class='ocrx_word' id='word_1_27' title='bbox 775 927 897 985; x_wconf 83' lang='lat' dir='ltr'>semper</span> <span class='ocrx_word' id='word_1_28' title='bbox 917 907 1007 985; x_wconf 87' lang='lat' dir='ltr'>parit.</span> 
     </span>
     <span class='ocr_line' id='line_1_6' title="bbox 369 989 982 1069; baseline 0.002 -19"><span class='ocrx_word' id='word_1_29' title='bbox 369 989 403 1050; x_wconf 99' lang='grc' dir='ltr'>δί</span> <span class='ocrx_word' id='word_1_30' title='bbox 427 1009 515 1065; x_wconf 87' lang='lat' dir='ltr'>quern</span> <span class='ocrx_word' id='word_1_31' title='bbox 537 991 677 1049; x_wconf 88' lang='lat' dir='ltr'>beneficii</span> <span class='ocrx_word' id='word_1_32' title='bbox 699 993 835 1069; x_wconf 77' lang='lat' dir='ltr'>ceperint</span> <span class='ocrx_word' id='word_1_33' title='bbox 857 994 982 1066; x_wconf 85' lang='lat' dir='ltr'>oblivia,</span> 
     </span>
     <span class='ocr_line' id='line_1_7' title="bbox 367 1073 1078 1150; baseline 0.003 -17"><span class='ocrx_word' id='word_1_34' title='bbox 367 1073 441 1134; x_wconf 90' lang='lat' dir='ltr'>Non</span> <span class='ocrx_word' id='word_1_35' title='bbox 464 1083 511 1134; x_wconf 84' lang='lat' dir='ltr'>est</span> <span class='ocrx_word' id='word_1_36' title='bbox 531 1076 612 1150; x_wconf 91' lang='lat' dir='ltr'>quod</span> <span class='ocrx_word' id='word_1_37' title='bbox 631 1076 684 1136; x_wconf 90' lang='lat' dir='ltr'>ille</span> <span class='ocrx_word' id='word_1_38' title='bbox 705 1077 791 1136; x_wconf 89' lang='lat' dir='ltr'>fortis</span> <span class='ocrx_word' id='word_1_39' title='bbox 812 1086 865 1137; x_wconf 87' lang='lat' dir='ltr'>aut</span> <span class='ocrx_word' id='word_1_40' title='bbox 885 1081 982 1138; x_wconf 89' lang='lat' dir='ltr'>bonus</span> <span class='ocrx_word' id='word_1_41' title='bbox 1003 1078 1078 1135; x_wconf 85' lang='lat' dir='ltr'>fuat.</span> 
     </span>
     <span class='ocr_line' id='line_1_8' title="bbox 298 1157 1250 1240; baseline 0.005 -21"><span class='ocrx_word' id='word_1_42' title='bbox 298 1157 348 1212; x_wconf 72' lang='lat'>525</span> <span class='ocrx_word' id='word_1_43' title='bbox 368 1157 422 1219; x_wconf 82' lang='lat' dir='ltr'>Ch.</span> <span class='ocrx_word' id='word_1_44' title='bbox 465 1159 600 1233; x_wconf 88' lang='lat' dir='ltr'>Utinam,</span> <span class='ocrx_word' id='word_1_45' title='bbox 622 1162 666 1220; x_wconf 87' lang='lat' dir='ltr'>tui</span> <span class='ocrx_word' id='word_1_46' title='bbox 685 1169 718 1219; x_wconf 89' lang='lat' dir='ltr'>ut</span> <span class='ocrx_word' id='word_1_47' title='bbox 739 1181 788 1220; x_wconf 91' lang='lat' dir='ltr'>me</span> <span class='ocrx_word' id='word_1_48' title='bbox 809 1163 944 1236; x_wconf 79' lang='lat' dir='ltr'>miseret,</span> <span class='ocrx_word' id='word_1_49' title='bbox 965 1163 1059 1234; x_wconf 86' lang='lat' dir='ltr'>Aiax,</span> <span class='ocrx_word' id='word_1_50' title='bbox 1075 1171 1106 1220; x_wconf 89' lang='lat' dir='ltr'>tc</span> <span class='ocrx_word' id='word_1_51' title='bbox 1126 1181 1250 1240; x_wconf 82' lang='lat' dir='ltr'>quoque</span> 
     </span>
     <span class='ocr_line' id='line_1_9' title="bbox 365 1245 1042 1320; baseline 0.003 -16"><span class='ocrx_word' id='word_1_52' title='bbox 365 1245 541 1304; x_wconf 85' lang='lat' dir='ltr'>Misererct:</span> <span class='ocrx_word' id='word_1_53' title='bbox 562 1245 650 1306; x_wconf 85' lang='lat' dir='ltr'>huius</span> <span class='ocrx_word' id='word_1_54' title='bbox 674 1249 768 1306; x_wconf 87' lang='lat' dir='ltr'>verba</span> <span class='ocrx_word' id='word_1_55' title='bbox 789 1249 942 1320; x_wconf 87' lang='lat' dir='ltr'>laudares,</span> <span class='ocrx_word' id='word_1_56' title='bbox 966 1248 1042 1308; x_wconf 88' lang='lat' dir='ltr'>scio.</span> 
     </span>
     <span class='ocr_line' id='line_1_10' title="bbox 364 1331 1072 1406; baseline 0 -16"><span class='ocrx_word' id='word_1_57' title='bbox 364 1331 414 1390; x_wconf 90' lang='lat' dir='ltr'>Ai.</span> <span class='ocrx_word' id='word_1_58' title='bbox 457 1331 552 1406; x_wconf 81' lang='lat' dir='ltr'>Atqui</span> <span class='ocrx_word' id='word_1_59' title='bbox 573 1331 628 1388; x_wconf 85' lang='lat' dir='ltr'>illa</span> <span class='ocrx_word' id='word_1_60' title='bbox 647 1333 734 1391; x_wconf 86' lang='lat' dir='ltr'>nobis</span> <span class='ocrx_word' id='word_1_61' title='bbox 756 1333 873 1392; x_wconf 87' lang='lat' dir='ltr'>affatim</span> <span class='ocrx_word' id='word_1_62' title='bbox 889 1333 1072 1404; x_wconf 74' lang='lat' dir='ltr'>laudabitur,</span> 
     </span>
     <span class='ocr_line' id='line_1_11' title="bbox 366 1415 1077 1493; baseline -0.001 -17"><span class='ocrx_word' id='word_1_63' title='bbox 366 1415 400 1476; x_wconf 78' lang='lat' dir='ltr'>Si</span> <span class='ocrx_word' id='word_1_64' title='bbox 423 1423 545 1474; x_wconf 89' lang='lat' dir='ltr'>strenue</span> <span class='ocrx_word' id='word_1_65' title='bbox 566 1417 645 1474; x_wconf 89' lang='lat' dir='ltr'>ausit</span> <span class='ocrx_word' id='word_1_66' title='bbox 666 1425 774 1490; x_wconf 75' lang='lat' dir='ltr'>nostra</span> <span class='ocrx_word' id='word_1_67' title='bbox 793 1419 937 1478; x_wconf 88' lang='lat' dir='ltr'>mandata</span> <span class='ocrx_word' id='word_1_68' title='bbox 958 1418 1077 1493; x_wconf 89' lang='lat' dir='ltr'>exequi.</span> 
     </span>
     <span class='ocr_line' id='line_1_12' title="bbox 365 1499 1243 1581; baseline 0.002 -23"><span class='ocrx_word' id='word_1_69' title='bbox 365 1499 438 1558; x_wconf 84' lang='lat' dir='ltr'>Tec.</span> <span class='ocrx_word' id='word_1_70' title='bbox 459 1501 592 1573; x_wconf 87' lang='lat' dir='ltr'>Parebo,</span> <span class='ocrx_word' id='word_1_71' title='bbox 613 1501 655 1558; x_wconf 91' lang='lat' dir='ltr'>mi</span> <span class='ocrx_word' id='word_1_72' title='bbox 676 1503 772 1563; x_wconf 77' lang='lat' dir='ltr'>Aiaxr</span> <span class='ocrx_word' id='word_1_73' title='bbox 797 1513 905 1562; x_wconf 88' lang='lat' dir='ltr'>cuncta</span> <span class='ocrx_word' id='word_1_74' title='bbox 925 1504 1098 1581; x_wconf 82' lang='lat' dir='ltr'>properabo</span> <span class='ocrx_word' id='word_1_75' title='bbox 1120 1501 1243 1578; x_wconf 87' lang='lat' dir='ltr'>exequi.</span> 
     </span>
    </p>
   </div>
   <div class='ocr_carea' id='block_1_3' title="bbox 296 1585 1280 1662">
    <p class='ocr_par' dir='ltr' id='par_1_3' title="bbox 296 1585 1280 1662">
     <span class='ocr_line' id='line_1_13' title="bbox 296 1585 1280 1662; baseline 0.004 -22"><span class='ocrx_word' id='word_1_76' title='bbox 296 1587 349 1642; x_wconf 85' lang='grc'>530</span> <span class='ocrx_word' id='word_1_77' title='bbox 365 1585 414 1643; x_wconf 92' lang='lat' dir='ltr'>Ai.</span> <span class='ocrx_word' id='word_1_78' title='bbox 457 1587 590 1646; x_wconf 84' lang='lat' dir='ltr'>Arcesse</span> <span class='ocrx_word' id='word_1_79' title='bbox 613 1605 740 1660; x_wconf 86' lang='lat' dir='ltr'>puerum</span> <span class='ocrx_word' id='word_1_80' title='bbox 761 1608 842 1646; x_wconf 90' lang='lat' dir='ltr'>nunc</span> <span class='ocrx_word' id='word_1_81' title='bbox 859 1590 944 1662; x_wconf 91' lang='lat' dir='ltr'>mibi,</span> <span class='ocrx_word' id='word_1_82' title='bbox 964 1598 999 1648; x_wconf 89' lang='lat' dir='ltr'>ut</span> <span class='ocrx_word' id='word_1_83' title='bbox 1020 1589 1150 1658; x_wconf 88' lang='lat' dir='ltr'>videam,</span> <span class='ocrx_word' id='word_1_84' title='bbox 1170 1605 1280 1645; x_wconf 89' lang='lat' dir='ltr'>meum.</span> 
     </span>
    </p>
   </div>
   <div class='ocr_carea' id='block_1_4' title="bbox 289 1669 1230 3786">
    <p class='ocr_par' dir='ltr' id='par_1_4' title="bbox 289 1669 1230 3786">
     <span class='ocr_line' id='line_1_14' title="bbox 366 1669 1085 1746; baseline 0.006 -18"><span class='ocrx_word' id='word_1_85' title='bbox 366 1669 439 1728; x_wconf 88' lang='lat' dir='ltr'>Teo.</span> <span class='ocrx_word' id='word_1_86' title='bbox 461 1670 554 1744; x_wconf 85' lang='lat' dir='ltr'>Atqui</span> <span class='ocrx_word' id='word_1_87' title='bbox 576 1670 661 1730; x_wconf 83' lang='lat' dir='ltr'>forae</span> <span class='ocrx_word' id='word_1_88' title='bbox 684 1671 860 1746; x_wconf 81' lang='lat' dir='ltr'>eduxeram,</span> <span class='ocrx_word' id='word_1_89' title='bbox 885 1683 1023 1733; x_wconf 91' lang='lat' dir='ltr'>metuens</span> <span class='ocrx_word' id='word_1_90' title='bbox 1047 1674 1085 1732; x_wconf 88' lang='lat' dir='ltr'>ei.</span> 
     </span>
     <span class='ocr_line' id='line_1_15' title="bbox 364 1754 1230 1836; baseline 0.002 -24"><span class='ocrx_word' id='word_1_91' title='bbox 364 1755 413 1813; x_wconf 91' lang='lat' dir='ltr'>Ai.</span> <span class='ocrx_word' id='word_1_92' title='bbox 457 1754 538 1812; x_wconf 92' lang='lat' dir='ltr'>Dum</span> <span class='ocrx_word' id='word_1_93' title='bbox 561 1755 736 1814; x_wconf 87' lang='lat' dir='ltr'>fluctuarem</span> <span class='ocrx_word' id='word_1_94' title='bbox 757 1758 788 1816; x_wconf 91' lang='lat' dir='ltr'>in</span> <span class='ocrx_word' id='word_1_95' title='bbox 811 1759 859 1818; x_wconf 91' lang='lat' dir='ltr'>his</span> <span class='ocrx_word' id='word_1_96' title='bbox 880 1759 970 1818; x_wconf 85' lang='lat' dir='ltr'>malis</span> <span class='ocrx_word' id='word_1_97' title='bbox 993 1777 1058 1836; x_wconf 84' lang='lat' dir='ltr'>ego,</span> <span class='ocrx_word' id='word_1_98' title='bbox 1081 1763 1135 1815; x_wconf 85' lang='lat' dir='ltr'>aut</span> <span class='ocrx_word' id='word_1_99' title='bbox 1154 1755 1230 1814; x_wconf 85' lang='lat' dir='ltr'>ubil</span> 
     </span>
     <span class='ocr_line' id='line_1_16' title="bbox 365 1838 1013 1918; baseline 0.009 -20"><span class='ocrx_word' id='word_1_100' title='bbox 365 1839 438 1898; x_wconf 86' lang='lat' dir='ltr'>Teo.</span> <span class='ocrx_word' id='word_1_101' title='bbox 459 1838 509 1898; x_wconf 86' lang='lat' dir='ltr'>Ne</span> <span class='ocrx_word' id='word_1_102' title='bbox 532 1839 649 1898; x_wconf 86' lang='lat' dir='ltr'>scilicet</span> <span class='ocrx_word' id='word_1_103' title='bbox 667 1842 781 1918; x_wconf 89' lang='lat' dir='ltr'>periret</span> <span class='ocrx_word' id='word_1_104' title='bbox 802 1863 929 1904; x_wconf 86' lang='lat' dir='ltr'>occursu</span> <span class='ocrx_word' id='word_1_105' title='bbox 949 1853 1013 1904; x_wconf 90' lang='lat' dir='ltr'>tuo.</span> 
     </span>
     <span class='ocr_line' id='line_1_17' title="bbox 364 1923 1142 2006; baseline 0.003 -23"><span class='ocrx_word' id='word_1_106' title='bbox 364 1923 413 1983; x_wconf 90' lang='lat' dir='ltr'>Ai.</span> <span class='ocrx_word' id='word_1_107' title='bbox 458 1924 527 1984; x_wconf 90' lang='lat' dir='ltr'>Hoc</span> <span class='ocrx_word' id='word_1_108' title='bbox 550 1925 622 1982; x_wconf 88' lang='lat' dir='ltr'>defit</span> <span class='ocrx_word' id='word_1_109' title='bbox 642 1946 733 1984; x_wconf 91' lang='lat' dir='ltr'>unum</span> <span class='ocrx_word' id='word_1_110' title='bbox 754 1947 864 2006; x_wconf 89' lang='lat' dir='ltr'>nempe</span> <span class='ocrx_word' id='word_1_111' title='bbox 886 1930 1023 1987; x_wconf 85' lang='lat' dir='ltr'>fortunae</span> <span class='ocrx_word' id='word_1_112' title='bbox 1043 1945 1142 1986; x_wconf 89' lang='lat' dir='ltr'>meae.</span> 
     </span>
     <span class='ocr_line' id='line_1_18' title="bbox 294 2009 1141 2090; baseline 0.004 -23"><span class='ocrx_word' id='word_1_113' title='bbox 294 2012 346 2068; x_wconf 88' lang='grc'>535</span> <span class='ocrx_word' id='word_1_114' title='bbox 364 2009 437 2068; x_wconf 85' lang='lat' dir='ltr'>Teo.</span> <span class='ocrx_word' id='word_1_115' title='bbox 458 2009 525 2090; x_wconf 82' lang='lat' dir='ltr'>Ego</span> <span class='ocrx_word' id='word_1_116' title='bbox 547 2010 713 2070; x_wconf 84' lang='lat' dir='ltr'>vindicavi:</span> <span class='ocrx_word' id='word_1_117' title='bbox 735 2014 956 2089; x_wconf 85' lang='lat' dir='ltr'>quodquidam</span> <span class='ocrx_word' id='word_1_118' title='bbox 978 2012 1141 2074; x_wconf 88' lang='lat' dir='ltr'>suffecerit.</span> 
     </span>
     <span class='ocr_line' id='line_1_19' title="bbox 363 2095 1162 2175; baseline 0.003 -22"><span class='ocrx_word' id='word_1_119' title='bbox 363 2095 411 2153; x_wconf 72' lang='lat' dir='ltr'>li.</span> <span class='ocrx_word' id='word_1_120' title='bbox 455 2096 496 2153; x_wconf 84' lang='lat' dir='ltr'>Et</span> <span class='ocrx_word' id='word_1_121' title='bbox 517 2095 609 2154; x_wconf 91' lang='lat' dir='ltr'>laudo</span> <span class='ocrx_word' id='word_1_122' title='bbox 628 2095 752 2170; x_wconf 86' lang='lat' dir='ltr'>factum,</span> <span class='ocrx_word' id='word_1_123' title='bbox 776 2106 805 2156; x_wconf 88' lang='lat' dir='ltr'>et</span> <span class='ocrx_word' id='word_1_124' title='bbox 830 2099 1047 2175; x_wconf 78' lang='lat' dir='ltr'>perspicaciam</span> <span class='ocrx_word' id='word_1_125' title='bbox 1069 2106 1162 2156; x_wconf 86' lang='lat' dir='ltr'>tuam.</span> 
     </span>
     <span class='ocr_line' id='line_1_20' title="bbox 362 2179 1213 2258; baseline 0.008 -20"><span class='ocrx_word' id='word_1_126' title='bbox 362 2179 435 2238; x_wconf 84' lang='lat' dir='ltr'>Teo.</span> <span class='ocrx_word' id='word_1_127' title='bbox 457 2179 520 2240; x_wconf 87' lang='lat' dir='ltr'>Sed</span> <span class='ocrx_word' id='word_1_128' title='bbox 542 2180 614 2256; x_wconf 93' lang='lat' dir='ltr'>quid</span> <span class='ocrx_word' id='word_1_129' title='bbox 632 2181 735 2240; x_wconf 83' lang='lat' dir='ltr'>iuvare</span> <span class='ocrx_word' id='word_1_130' title='bbox 758 2191 788 2241; x_wconf 89' lang='lat' dir='ltr'>te</span> <span class='ocrx_word' id='word_1_131' title='bbox 810 2203 918 2258; x_wconf 88' lang='lat' dir='ltr'>queam</span> <span class='ocrx_word' id='word_1_132' title='bbox 938 2186 997 2244; x_wconf 91' lang='lat' dir='ltr'>hoc</span> <span class='ocrx_word' id='word_1_133' title='bbox 1018 2184 1098 2242; x_wconf 87' lang='lat' dir='ltr'>facto</span> <span class='ocrx_word' id='word_1_134' title='bbox 1119 2183 1213 2245; x_wconf 72' lang='lat' dir='ltr'>meo?</span> 
     </span>
     <span class='ocr_line' id='line_1_21' title="bbox 361 2265 1133 2346; baseline 0.005 -24"><span class='ocrx_word' id='word_1_135' title='bbox 361 2265 410 2323; x_wconf 81' lang='grc' dir='ltr'>Αἰ.</span> <span class='ocrx_word' id='word_1_136' title='bbox 454 2265 497 2324; x_wconf 93' lang='lat' dir='ltr'>Ut</span> <span class='ocrx_word' id='word_1_137' title='bbox 517 2265 629 2342; x_wconf 87' lang='lat' dir='ltr'>alloqui</span> <span class='ocrx_word' id='word_1_138' title='bbox 650 2268 781 2344; x_wconf 86' lang='lat' dir='ltr'>possim,</span> <span class='ocrx_word' id='word_1_139' title='bbox 807 2279 898 2345; x_wconf 90' lang='lat' dir='ltr'>utque</span> <span class='ocrx_word' id='word_1_140' title='bbox 918 2268 1133 2346; x_wconf 87' lang='lat' dir='ltr'>conspicarier.</span> 
     </span>
     <span class='ocr_line' id='line_1_22' title="bbox 361 2348 1136 2414; baseline 0.01 -8"><span class='ocrx_word' id='word_1_141' title='bbox 361 2348 435 2407; x_wconf 83' lang='lat' dir='ltr'>Tea.</span> <span class='ocrx_word' id='word_1_142' title='bbox 454 2350 625 2408; x_wconf 85' lang='lat' dir='ltr'>Famularis</span> <span class='ocrx_word' id='word_1_143' title='bbox 648 2351 735 2410; x_wconf 90' lang='lat' dir='ltr'>illum</span> <span class='ocrx_word' id='word_1_144' title='bbox 757 2363 896 2413; x_wconf 81' lang='lat' dir='ltr'>asservat</span> <span class='ocrx_word' id='word_1_145' title='bbox 917 2354 966 2414; x_wconf 91' lang='lat' dir='ltr'>hic</span> <span class='ocrx_word' id='word_1_146' title='bbox 988 2353 1136 2414; x_wconf 88' lang='lat' dir='ltr'>custodia.</span> 
     </span>
     <span class='ocr_line' id='line_1_23' title="bbox 293 2433 1194 2516; baseline 0.004 -26"><span class='ocrx_word' id='word_1_147' title='bbox 293 2437 345 2491; x_wconf 77' lang='grc'>540</span> <span class='ocrx_word' id='word_1_148' title='bbox 362 2435 410 2493; x_wconf 87' lang='lat' dir='ltr'>Ai.</span> <span class='ocrx_word' id='word_1_149' title='bbox 456 2433 518 2495; x_wconf 88' lang='lat' dir='ltr'>Sed</span> <span class='ocrx_word' id='word_1_150' title='bbox 538 2453 616 2510; x_wconf 93' lang='lat' dir='ltr'>quae</span> <span class='ocrx_word' id='word_1_151' title='bbox 637 2455 725 2496; x_wconf 89' lang='lat' dir='ltr'>mora</span> <span class='ocrx_word' id='word_1_152' title='bbox 745 2439 811 2498; x_wconf 89' lang='lat' dir='ltr'>eius</span> <span class='ocrx_word' id='word_1_153' title='bbox 831 2440 948 2498; x_wconf 89' lang='lat' dir='ltr'>distulit</span> <span class='ocrx_word' id='word_1_154' title='bbox 965 2437 1194 2516; x_wconf 78' lang='lat' dir='ltr'>praesentiam?</span> 
     </span>
     <span class='ocr_line' id='line_1_24' title="bbox 361 2519 1220 2602; baseline 0.005 -26"><span class='ocrx_word' id='word_1_155' title='bbox 361 2519 434 2577; x_wconf 86' lang='lat' dir='ltr'>Teo.</span> <span class='ocrx_word' id='word_1_156' title='bbox 457 2519 542 2578; x_wconf 88' lang='lat' dir='ltr'>Heus</span> <span class='ocrx_word' id='word_1_157' title='bbox 563 2539 650 2596; x_wconf 87' lang='lat' dir='ltr'>puer,</span> <span class='ocrx_word' id='word_1_158' title='bbox 673 2522 833 2582; x_wconf 87' lang='lat' dir='ltr'>adesdum:</span> <span class='ocrx_word' id='word_1_159' title='bbox 852 2533 883 2582; x_wconf 87' lang='lat' dir='ltr'>te</span> <span class='ocrx_word' id='word_1_160' title='bbox 905 2533 993 2602; x_wconf 87' lang='lat' dir='ltr'>pater</span> <span class='ocrx_word' id='word_1_161' title='bbox 1013 2531 1115 2584; x_wconf 81' lang='lat' dir='ltr'>vocat:</span> <span class='ocrx_word' id='word_1_162' title='bbox 1137 2521 1220 2582; x_wconf 86' lang='lat' dir='ltr'>veni.</span> 
     </span>
     <span class='ocr_line' id='line_1_25' title="bbox 321 2602 1190 2686; baseline 0.007 -26"><span class='ocrx_word' id='word_1_163' title='bbox 321 2637 323 2642; x_wconf 85' lang='lat'>.</span> <span class='ocrx_word' id='word_1_164' title='bbox 360 2602 440 2676; x_wconf 88' lang='lat' dir='ltr'>Huc,</span> <span class='ocrx_word' id='word_1_165' title='bbox 463 2604 519 2676; x_wconf 84' lang='lat' dir='ltr'>sis,</span> <span class='ocrx_word' id='word_1_166' title='bbox 542 2624 599 2682; x_wconf 86' lang='lat' dir='ltr'>age</span> <span class='ocrx_word' id='word_1_167' title='bbox 620 2605 706 2664; x_wconf 91' lang='lat' dir='ltr'>illum</span> <span class='ocrx_word' id='word_1_168' title='bbox 729 2610 866 2684; x_wconf 92' lang='lat' dir='ltr'>quisquis</span> <span class='ocrx_word' id='word_1_169' title='bbox 890 2630 930 2668; x_wconf 87' lang='lat' dir='ltr'>ex</span> <span class='ocrx_word' id='word_1_170' title='bbox 951 2610 1074 2668; x_wconf 84' lang='lat' dir='ltr'>famulis</span> <span class='ocrx_word' id='word_1_171' title='bbox 1097 2609 1190 2686; x_wconf 77' lang='lat' dir='ltr'>regis.</span> 
     </span>
     <span class='ocr_line' id='line_1_26' title="bbox 360 2690 1094 2773; baseline 0.01 -28"><span class='ocrx_word' id='word_1_172' title='bbox 360 2690 410 2746; x_wconf 85' lang='lat' dir='ltr'>Ai.</span> <span class='ocrx_word' id='word_1_173' title='bbox 453 2690 585 2747; x_wconf 87' lang='lat' dir='ltr'>Venitne</span> <span class='ocrx_word' id='word_1_174' title='bbox 605 2691 720 2764; x_wconf 90' lang='lat' dir='ltr'>iussus,</span> <span class='ocrx_word' id='word_1_175' title='bbox 741 2712 821 2752; x_wconf 87' lang='lat' dir='ltr'>anne</span> <span class='ocrx_word' id='word_1_176' title='bbox 842 2696 928 2754; x_wconf 87' lang='lat' dir='ltr'>iussa</span> <span class='ocrx_word' id='word_1_177' title='bbox 948 2695 1094 2773; x_wconf 82' lang='lat' dir='ltr'>negligit?</span> 
     </span>
     <span class='ocr_line' id='line_1_27' title="bbox 361 2772 1179 2857; baseline 0.01 -28"><span class='ocrx_word' id='word_1_178' title='bbox 361 2773 434 2831; x_wconf 87' lang='lat' dir='ltr'>ch.</span> <span class='ocrx_word' id='word_1_179' title='bbox 455 2772 598 2832; x_wconf 90' lang='lat' dir='ltr'>Producit</span> <span class='ocrx_word' id='word_1_180' title='bbox 616 2774 701 2834; x_wconf 90' lang='lat' dir='ltr'>illum</span> <span class='ocrx_word' id='word_1_181' title='bbox 725 2777 858 2838; x_wconf 86' lang='lat' dir='ltr'>famulus</span> <span class='ocrx_word' id='word_1_182' title='bbox 878 2781 937 2838; x_wconf 91' lang='lat' dir='ltr'>buc</span> <span class='ocrx_word' id='word_1_183' title='bbox 959 2799 999 2838; x_wconf 88' lang='lat' dir='ltr'>ex</span> <span class='ocrx_word' id='word_1_184' title='bbox 1017 2797 1179 2857; x_wconf 86' lang='lat' dir='ltr'>proxumo.</span> 
     </span>
     <span class='ocr_line' id='line_1_28' title="bbox 291 2857 1226 2938; baseline 0.011 -26"><span class='ocrx_word' id='word_1_185' title='bbox 291 2857 343 2912; x_wconf 78' lang='grc'>545</span> <span class='ocrx_word' id='word_1_186' title='bbox 360 2859 409 2917; x_wconf 87' lang='lat' dir='ltr'>Ai.</span> <span class='ocrx_word' id='word_1_187' title='bbox 453 2861 530 2936; x_wconf 83' lang='lat' dir='ltr'>Age,</span> <span class='ocrx_word' id='word_1_188' title='bbox 553 2859 611 2916; x_wconf 89' lang='lat' dir='ltr'>huc</span> <span class='ocrx_word' id='word_1_189' title='bbox 632 2879 689 2938; x_wconf 83' lang='lat' dir='ltr'>age</span> <span class='ocrx_word' id='word_1_190' title='bbox 709 2862 810 2922; x_wconf 88' lang='lat' dir='ltr'>illum:</span> <span class='ocrx_word' id='word_1_191' title='bbox 832 2885 891 2923; x_wconf 87' lang='lat' dir='ltr'>non</span> <span class='ocrx_word' id='word_1_192' title='bbox 914 2866 995 2924; x_wconf 87' lang='lat' dir='ltr'>enim</span> <span class='ocrx_word' id='word_1_193' title='bbox 1016 2864 1226 2924; x_wconf 85' lang='lat' dir='ltr'>externabitur</span> 
     </span>
     <span class='ocr_line' id='line_1_29' title="bbox 360 2941 1015 3022; baseline 0.009 -18"><span class='ocrx_word' id='word_1_194' title='bbox 360 2941 478 3021; x_wconf 82' lang='lat' dir='ltr'>Stragis</span> <span class='ocrx_word' id='word_1_195' title='bbox 500 2952 639 3003; x_wconf 85' lang='lat' dir='ltr'>recentes</span> <span class='ocrx_word' id='word_1_196' title='bbox 662 2947 717 3006; x_wconf 93' lang='lat' dir='ltr'>hos</span> <span class='ocrx_word' id='word_1_197' title='bbox 740 2967 863 3009; x_wconf 78' lang='lat' dir='ltr'>acervos</span> <span class='ocrx_word' id='word_1_198' title='bbox 882 2952 1015 3022; x_wconf 88' lang='lat' dir='ltr'>intuens,</span> 
     </span>
     <span class='ocr_line' id='line_1_30' title="bbox 359 3026 1068 3108; baseline 0.007 -20"><span class='ocrx_word' id='word_1_199' title='bbox 359 3026 393 3088; x_wconf 87' lang='lat' dir='ltr'>Si</span> <span class='ocrx_word' id='word_1_200' title='bbox 413 3029 532 3103; x_wconf 88' lang='lat' dir='ltr'>quidem</span> <span class='ocrx_word' id='word_1_201' title='bbox 554 3030 606 3086; x_wconf 92' lang='lat' dir='ltr'>ille</span> <span class='ocrx_word' id='word_1_202' title='bbox 628 3051 698 3089; x_wconf 86' lang='lat' dir='ltr'>vero</span> <span class='ocrx_word' id='word_1_203' title='bbox 718 3041 805 3108; x_wconf 88' lang='lat' dir='ltr'>patre</span> <span class='ocrx_word' id='word_1_204' title='bbox 822 3055 871 3092; x_wconf 88' lang='lat' dir='ltr'>me</span> <span class='ocrx_word' id='word_1_205' title='bbox 891 3044 976 3095; x_wconf 88' lang='lat' dir='ltr'>satus</span> <span class='ocrx_word' id='word_1_206' title='bbox 994 3036 1068 3094; x_wconf 86' lang='lat' dir='ltr'>fuat.</span> 
     </span>
     <span class='ocr_line' id='line_1_31' title="bbox 359 3110 983 3198; baseline 0.01 -25"><span class='ocrx_word' id='word_1_207' title='bbox 359 3110 421 3173; x_wconf 86' lang='lat' dir='ltr'>Sed</span> <span class='ocrx_word' id='word_1_208' title='bbox 443 3133 510 3172; x_wconf 91' lang='lat' dir='ltr'>eum</span> <span class='ocrx_word' id='word_1_209' title='bbox 532 3117 668 3190; x_wconf 90' lang='lat' dir='ltr'>paternis</span> <span class='ocrx_word' id='word_1_210' title='bbox 692 3117 840 3178; x_wconf 89' lang='lat' dir='ltr'>institutis</span> <span class='ocrx_word' id='word_1_211' title='bbox 863 3121 983 3198; x_wconf 86' lang='lat' dir='ltr'>asperis</span> 
     </span>
     <span class='ocr_line' id='line_1_32' title="bbox 358 3197 1040 3281; baseline 0.012 -25"><span class='ocrx_word' id='word_1_212' title='bbox 358 3197 507 3257; x_wconf 87' lang='lat' dir='ltr'>Domitari</span> <span class='ocrx_word' id='word_1_213' title='bbox 530 3208 661 3276; x_wconf 88' lang='lat' dir='ltr'>oportet:</span> <span class='ocrx_word' id='word_1_214' title='bbox 685 3209 775 3276; x_wconf 85' lang='lat' dir='ltr'>atque</span> <span class='ocrx_word' id='word_1_215' title='bbox 797 3224 898 3264; x_wconf 90' lang='lat' dir='ltr'>mores</span> <span class='ocrx_word' id='word_1_216' title='bbox 922 3204 1040 3281; x_wconf 87' lang='lat' dir='ltr'>exequi.</span> 
     </span>
     <span class='ocr_line' id='line_1_33' title="bbox 289 3281 1036 3367; baseline 0.011 -29"><span class='ocrx_word' id='word_1_217' title='bbox 289 3281 387 3344; x_wconf 80' lang='lat'>5500</span> <span class='ocrx_word' id='word_1_218' title='bbox 408 3292 509 3361; x_wconf 82' lang='lat' dir='ltr'>gnate,</span> <span class='ocrx_word' id='word_1_219' title='bbox 533 3285 656 3344; x_wconf 85' lang='lat' dir='ltr'>fortuna</span> <span class='ocrx_word' id='word_1_220' title='bbox 676 3295 743 3347; x_wconf 85' lang='lat' dir='ltr'>esto</span> <span class='ocrx_word' id='word_1_221' title='bbox 766 3289 924 3350; x_wconf 90' lang='lat' dir='ltr'>dissimilis</span> <span class='ocrx_word' id='word_1_222' title='bbox 944 3290 1036 3367; x_wconf 87' lang='lat' dir='ltr'>patri,</span> 
     </span>
     <span class='ocr_line' id='line_1_34' title="bbox 358 3370 1147 3435; baseline 0.006 -7"><span class='ocrx_word' id='word_1_223' title='bbox 358 3370 417 3428; x_wconf 86' lang='lat' dir='ltr'>Ast</span> <span class='ocrx_word' id='word_1_224' title='bbox 435 3370 496 3428; x_wconf 89' lang='lat' dir='ltr'>alia</span> <span class='ocrx_word' id='word_1_225' title='bbox 518 3370 624 3430; x_wconf 85' lang='lat' dir='ltr'>similis</span> <span class='ocrx_word' id='word_1_226' title='bbox 648 3373 765 3432; x_wconf 90' lang='lat' dir='ltr'>omnia:</span> <span class='ocrx_word' id='word_1_227' title='bbox 787 3375 830 3432; x_wconf 89' lang='lat' dir='ltr'>ita</span> <span class='ocrx_word' id='word_1_228' title='bbox 850 3375 948 3435; x_wconf 86' lang='lat' dir='ltr'>malus</span> <span class='ocrx_word' id='word_1_229' title='bbox 969 3375 1049 3432; x_wconf 91' lang='lat' dir='ltr'>haud</span> <span class='ocrx_word' id='word_1_230' title='bbox 1067 3375 1147 3433; x_wconf 88' lang='lat' dir='ltr'>fuas.</span> 
     </span>
     <span class='ocr_line' id='line_1_35' title="bbox 357 3453 1226 3532; baseline 0.009 -22"><span class='ocrx_word' id='word_1_231' title='bbox 357 3453 534 3529; x_wconf 78' lang='lat' dir='ltr'>Quanquam</span> <span class='ocrx_word' id='word_1_232' title='bbox 553 3456 673 3516; x_wconf 91' lang='lat' dir='ltr'>unicum</span> <span class='ocrx_word' id='word_1_233' title='bbox 696 3458 778 3518; x_wconf 88' lang='lat' dir='ltr'>istud</span> <span class='ocrx_word' id='word_1_234' title='bbox 797 3461 857 3518; x_wconf 92' lang='lat' dir='ltr'>boo</span> <span class='ocrx_word' id='word_1_235' title='bbox 880 3462 993 3521; x_wconf 90' lang='lat' dir='ltr'>bonum</span> <span class='ocrx_word' id='word_1_236' title='bbox 1012 3459 1137 3519; x_wconf 83' lang='lat' dir='ltr'>invideo</span> <span class='ocrx_word' id='word_1_237' title='bbox 1161 3460 1226 3532; x_wconf 89' lang='lat' dir='ltr'>tibi,</span> 
     </span>
     <span class='ocr_line' id='line_1_36' title="bbox 357 3536 1055 3620; baseline 0.009 -24"><span class='ocrx_word' id='word_1_238' title='bbox 357 3536 446 3611; x_wconf 81' lang='lat' dir='ltr'>Quod</span> <span class='ocrx_word' id='word_1_239' title='bbox 467 3538 529 3596; x_wconf 85' lang='lat' dir='ltr'>ista</span> <span class='ocrx_word' id='word_1_240' title='bbox 545 3541 678 3600; x_wconf 90' lang='lat' dir='ltr'>nondum</span> <span class='ocrx_word' id='word_1_241' title='bbox 697 3545 830 3620; x_wconf 88' lang='lat' dir='ltr'>percipis</span> <span class='ocrx_word' id='word_1_242' title='bbox 854 3564 948 3605; x_wconf 89' lang='lat' dir='ltr'>sensu</span> <span class='ocrx_word' id='word_1_243' title='bbox 966 3546 1055 3604; x_wconf 88' lang='lat' dir='ltr'>mala.</span> 
     </span>
     <span class='ocr_line' id='line_1_37' title="bbox 357 3618 1096 3703; baseline 0.014 -26"><span class='ocrx_word' id='word_1_244' title='bbox 357 3618 411 3679; x_wconf 90' lang='lat' dir='ltr'>Nil</span> <span class='ocrx_word' id='word_1_245' title='bbox 434 3641 541 3699; x_wconf 88' lang='lat' dir='ltr'>sapere</span> <span class='ocrx_word' id='word_1_246' title='bbox 564 3627 675 3703; x_wconf 88' lang='lat' dir='ltr'>quippe</span> <span class='ocrx_word' id='word_1_247' title='bbox 701 3628 762 3686; x_wconf 88' lang='lat' dir='ltr'>vita</span> <span class='ocrx_word' id='word_1_248' title='bbox 781 3629 1009 3691; x_wconf 87' lang='lat' dir='ltr'>iucundissuma</span> <span class='ocrx_word' id='word_1_249' title='bbox 1031 3637 1096 3689; x_wconf 83' lang='lat' dir='ltr'>est:</span> 
     </span>
     <span class='ocr_line' id='line_1_38' title="bbox 356 3705 1140 3786; baseline 0.011 -23"><span class='ocrx_word' id='word_1_250' title='bbox 356 3705 412 3764; x_wconf 86' lang='lat' dir='ltr'>Nil</span> <span class='ocrx_word' id='word_1_251' title='bbox 433 3725 540 3782; x_wconf 85' lang='lat' dir='ltr'>sapere</span> <span class='ocrx_word' id='word_1_252' title='bbox 562 3730 699 3784; x_wconf 89' lang='lat' dir='ltr'>prorsus,</span> <span class='ocrx_word' id='word_1_253' title='bbox 721 3722 769 3773; x_wconf 85' lang='lat' dir='ltr'>est</span> <span class='ocrx_word' id='word_1_254' title='bbox 788 3715 899 3774; x_wconf 87' lang='lat' dir='ltr'>malum</span> <span class='ocrx_word' id='word_1_255' title='bbox 919 3734 1027 3776; x_wconf 86' lang='lat' dir='ltr'>carens</span> <span class='ocrx_word' id='word_1_256' title='bbox 1046 3713 1140 3786; x_wconf 86' lang='lat' dir='ltr'>molo,</span> 
     </span>
    </p>
   </div>
   <div class='ocr_carea' id='block_1_5' title="bbox 0 0 1534 4492">
    <p class='ocr_par' dir='ltr' id='par_1_5' title="bbox 0 0 1534 4492">
     <span class='ocr_line' id='line_1_39' title="bbox 0 0 1534 4492; baseline 0 5"><span class='ocrx_word' id='word_1_257' title='bbox 0 0 1534 4492; x_wconf 95' lang='lat' dir='ltr'> </span> 
     </span>
    </p>
   </div>
  </div>
 </body>
</html>
