3059 4492
794 477 834 534 50

360 643 451 704 Galle
473 643 563 702 fortia
585 661 666 715 erae,
688 644 799 702 Latine
822 646 946 703 doctus:

360 728 450 789 Galle
471 727 559 786 milee
586 747 665 801 eras,
688 729 798 787 Latine
817 741 914 788 vates.

359 813 465 872 Donec
487 811 590 872 Gallia
610 820 691 870 terra
713 822 845 890 tempore
866 833 925 872 uno
976 853 978 856 -

359 898 468 957 Plures
490 897 582 955 edidit
600 917 710 956 aureos
732 899 881 971 columneo,

359 983 476 1042 Doctos
496 982 712 1055 Phoebicolae‚
736 985 829 1042 bonos
851 984 977 1056 Poetae,

361 1069 460 1144 Quam
483 1086 539 1125 nec
560 1068 639 1125 Itala
661 1069 772 1127 seculis
794 1068 948 1128 trecentis.
1008 1133 1013 1144 δ

359 1153 400 1212 Et
420 1152 566 1212 Oiasaeus
589 1153 620 1210 in
642 1153 690 1210 his
711 1152 809 1211 locum
829 1161 938 1225 tuetur,

361 1236 449 1299 Siren
473 1237 593 1296 Gallica
610 1237 709 1296 aeculi
728 1238 855 1296 eruditi:

358 1321 433 1382 Non
452 1322 548 1380 solum
569 1323 684 1400 patrias
704 1323 810 1382 colens
831 1322 1015 1393 camoenas,

361 1406 423 1468 Sed
442 1406 562 1465 Phoebi
579 1408 699 1465 celeber
722 1409 818 1466 cliens
840 1407 979 1484 Pelasgi3

359 1494 400 1551 Et
421 1493 519 1550 Musis
541 1501 630 1568 caput
654 1493 739 1552 Italia
763 1493 907 1551 amicum:

358 1579 420 1636 Per
439 1596 527 1653 quem
551 1597 609 1634 non
631 1577 716 1635 modo
738 1577 857 1636 Tibridi
879 1583 996 1635 vetusto

360 1662 482 1722 clarum
502 1662 669 1738 praeripuit
688 1663 779 1721 decue
803 1663 911 1733 duelli;

360 1746 422 1808 Sed
439 1766 497 1804 nee
519 1745 621 1804 Gallia
641 1746 745 1806 literas
768 1748 899 1822 reliquit.

360 1830 453 1893 Salve
473 1830 576 1890 Gallia
600 1830 707 1888 clarior
730 1831 893 1892 Camoenis

358 1916 467 1976 Prisco
490 1916 625 1989 Tibride‚
644 1916 752 1974 clarior
772 1918 887 1976 duello:

359 2003 460 2061 Tanto
487 2001 590 2061 Gallia
612 2000 722 2061 clarior
744 2000 921 2076 Camoenia,
1002 2011 1008 2024 '

358 2086 479 2161 Quanto
502 2087 612 2144 clarior
629 2095 719 2144 antea
741 2087 851 2146 duello.

359 2257 388 2316 4.
436 2261 475 2315 In
502 2276 605 2314 nocam
638 2259 788 2325 editionem
817 2258 1013 2334 Paraplrrccic
1040 2258 1217 2316 Bucltaacnt'
1242 2261 1293 2326 in.

379 2343 527 2411 Psalmoa,
556 2361 643 2417 quam
663 2343 747 2399 Alea.
771 2343 912 2414 Morison,
933 2345 1039 2401 sororia
1061 2345 1152 2419 ipsius
1167 2345 1249 2418 filiae

697 2431 877 2501 procuravit.

358 2512 436 2582 Ista,
460 2509 618 2569 Caledonii
640 2511 728 2568 vertit
751 2530 828 2586 quae
851 2514 939 2570 Musa
961 2511 1084 2581 Poetae,

400 2596 465 2653 lam
486 2595 570 2671 priua
590 2595 734 2653 Hebraea
755 2596 890 2653 carmina
909 2596 990 2654 culta
1008 2595 1086 2674 lyra,

359 2680 557 2757 Typographi
578 2681 707 2755 primum
728 2680 827 2739 foedis
851 2680 994 2738 damnata
1008 2682 1118 2754 lituris,

401 2765 471 2822 Vati
493 2785 590 2841 nuper
612 2774 698 2823 erant
716 2765 881 2824 inficianda
902 2786 969 2825 auo.

358 2849 663 2923 ExcoluitMorison‚
687 2859 717 2908 et
737 2852 843 2911 doctus
867 2851 1032 2910 avunculus
1055 2850 1117 2909 illis

401 2935 489 3010 Quod
511 2933 645 3007 dederet,
664 2955 723 2994 non
746 2945 793 2996 eat
813 2955 925 3013 passus
949 2937 1059 3010 abesae
1082 2935 1184 2994 decus.

358 3017 507 3093 Gaudete,
530 3040 549 3078 o
574 3021 683 3078 summi
703 3022 792 3094 vatis,
815 3022 868 3098 pia
888 3022 1022 3093 numina,
1045 3022 1163 3094 Manes,

402 3103 534 3166 sibene
554 3106 676 3182 cognati
697 3125 750 3164 vos
773 3108 932 3165 benefacta
951 3105 1066 3177 iuvant,

355 3189 447 3269 Nunc
466 3209 542 3266 opus
565 3191 630 3262 hoc‚
650 3191 786 3250 Moriaon
809 3193 890 3268 quod
913 3191 1036 3249 luminis
1058 3189 1119 3247 edit
1139 3189 1171 3247 in
1188 3209 1269 3264 oras,

399 3275 540 3334 Vestrum
563 3282 623 3346 est3
646 3275 867 3353 Typographus
889 3277 1003 3334 lecerat
1020 3282 1090 3334 ente
1111 3294 1209 3334 auum.

357 3441 387 3499 5.
420 3444 458 3500 lo
469 3442 626 3501 Scaevolae
639 3443 856 3504 Sammartltanc'
867 3446 1013 3517 Poenam,
1028 3448 1068 3504 ad
1083 3445 1268 3523 Chryaaccrn.

357 3523 504 3586 Scaevola
525 3528 552 3587 si
574 3529 662 3588 cultis
685 3531 796 3588 mulcet
816 3531 871 3589 tibi
893 3531 1031 3590 versibus
1054 3549 1154 3604 auree,

399 3611 478 3668 Dum
502 3620 553 3670 tua
576 3633 661 3672 mens
684 3615 765 3674 docti
787 3616 900 3693 pendet
922 3617 959 3673 ab
983 3635 1035 3674 ore
1055 3615 1126 3674 viri:

357 3692 390 3754 Si
412 3695 532 3772 lepidae
553 3697 671 3758 blandis
694 3700 812 3758 inhiant
833 3700 888 3758 tibi
911 3699 994 3758 mille
1016 3699 1137 3776 puellae
