3059 4492
618 435 769 573 4³³³—

236 645 438 726 Giganticidis
462 645 633 722 interempti
656 646 783 724 spiculis

234 734 282 791 Ab
303 732 402 804 hoste,
426 731 523 789 obibit
544 741 641 791 morte
662 733 812 791 communi
832 734 912 793 diem
1181 763 1187 778 x

168 817 169 838 ¹
234 817 319 876 Falis
342 817 381 874 ab
401 815 471 875 altis
493 816 533 873 ad
554 817 683 875 cadaver
702 818 839 876 saucium
1163 817 1198 871 cs

168 903 169 908 ’
236 901 352 978 Corpus
372 902 461 958 ruina
481 919 622 960 cernuum
645 902 677 959 in
698 920 848 981 praeceps
870 924 980 966 ruenst

234 988 275 1046 Et
298 995 371 1045 tuno
393 987 524 1044 recentis
544 986 605 1044 icta
624 1005 727 1046 amore
750 989 868 1061 mortui,

233 1073 301 1131 Iam
319 1071 483 1147 palpitanti
504 1071 642 1148 spiritum
660 1072 776 1130 efflabit
797 1073 869 1132 viro.

234 1155 361 1233 Duplex
382 1164 465 1214 tuum
486 1155 655 1232 triplexque
677 1156 790 1214 bellum
815 1175 986 1234 conqueror

233 1242 284 1301 Ad
301 1259 388 1298 arma
407 1260 512 1300 rursus
535 1248 565 1299 et
584 1241 709 1318 rapinas
732 1242 862 1316 aedium,
1164 1242 1199 1297 7⁰

234 1327 356 1402 Tuique
380 1333 410 1383 te
430 1326 531 1403 ignem
552 1333 696 1384 contuere
715 1326 858 1386 incendii.
975 1327 1147 1404 [coaluerit]

234 1412 306 1471 Heu
325 1410 437 1488 patria,
459 1418 489 1468 et
510 1430 566 1469 vos
588 1412 677 1470 busta
696 1412 760 1470 nati
781 1412 946 1472 Atlantidis

235 1497 390 1556 Audacter
406 1495 556 1554 urinantis
580 1495 664 1568 olim,
687 1515 753 1555 cnm
777 1504 846 1556 cute

236 1581 313 1643 Suta
332 1581 484 1639 revinctus
507 1599 624 1656 eorpus,
648 1587 714 1639 utre
737 1589 870 1655 scorteo,
971 1607 976 1614 ·

235 1667 275 1726 Et
297 1666 396 1738 solus,
419 1673 452 1724 ut
471 1683 545 1742 aper
566 1665 739 1742 quadrupes
761 1666 946 1745 Hercynius,
1166 1669 1200 1723 75

235 1751 482 1827 Rhithymniatcs
500 1750 584 1808 navit
604 1757 637 1808 ut
653 1749 737 1809 larus
756 1751 877 1824 fretum,

237 1836 376 1896 Zerintbi
397 1836 512 1894 hiatum
535 1835 659 1912 virginis
682 1833 832 1894 Canariae

236 1923 406 1997 Linquens,
428 1919 591 1996 Deumque
611 1928 692 1978 tecta
711 1920 922 1980 Lucumonum
944 1919 1053 1981 Saum:

238 2007 314 2068 com
336 2005 497 2066 corruebat
516 2024 634 2063 omnem
658 2005 782 2064 humum
801 2006 968 2083 Diespitris

236 2093 350 2169 Rapax
372 2090 489 2165 aqualis
512 2091 644 2163 nimbus,
667 2100 697 2149 et
716 2099 821 2167 putres
840 2092 909 2150 solo

236 2177 332 2237 Falae
354 2175 531 2234 fatiscentes
552 2175 708 2248 lababant,
732 2183 764 2233 at
786 2195 882 2253 genus

236 2261 405 2322 Hominum
426 2261 551 2318 natabat
570 2260 677 2319 ultimo
698 2261 847 2336 periculo.

237 2351 278 2407 nt
302 2347 417 2424 fagum,
440 2354 470 2402 et
487 2345 599 2403 almum
621 2346 761 2419 fructum,
783 2355 815 2404 et
833 2363 922 2404 uvam
943 2351 1093 2403 musteam

239 2434 398 2506 Orcaeque
419 2438 481 2488 tum
502 2429 685 2507 Delphines,
708 2439 799 2506 atque
821 2429 989 2490 masculum

236 2519 360 2578 Phccae
384 2516 535 2574 esitabant
553 2515 586 2572 in
606 2516 682 2574 toris
703 2515 886 2574 mortalium.

238 2603 337 2663 Adest
356 2602 444 2660 adest
464 2602 517 2658 fax
537 2600 672 2658 involuta
689 2600 827 2657 incendio

238 2687 390 2747 Praedam
413 2686 444 2744 in
465 2685 623 2746 columbae
646 2694 743 2744 morte
766 2685 940 2744 multandae
964 2682 1061 2756 canis,

238 2773 350 2831 Vultur
372 2771 515 2847 palustris
538 2790 627 2846 quam
648 2769 741 2828 edidit
763 2779 831 2828 satu
852 2789 909 2830 suo

240 2858 354 2917 Testae
372 2857 517 2914 rotundae
539 2855 731 2914 convolutam
753 2856 880 2915 fornice.

237 2947 281 3002 At
300 2941 466 3019 hospitalis
486 2941 584 3000 infera
605 2940 686 2998 unda
703 2943 849 3019 remigem

239 3028 296 3088 Te'
310 3027 498 3098 muricidam,
521 3045 577 3084 nec
602 3025 765 3084 bucerdam
787 3028 819 3083 in
838 3025 945 3101 patriis

240 3113 346 3174 Oaulis
366 3119 542 3189 prementem
563 3112 700 3188 scrupeis
721 3111 820 3168 adhuc
839 3117 951 3181 manet,

238 3199 282 3258 Ut
303 3205 374 3255 ante
391 3196 622 3274 pulchritudinis
642 3196 733 3254 trium
755 3195 915 3254 arbitrum:

240 3283 305 3344 Sed
324 3301 379 3358 pro
403 3282 575 3359 mapalibus
599 3290 631 3338 tu
652 3280 751 3341 Aselli
774 3279 907 3352 mettius,

238 3370 281 3428 Et
299 3368 368 3426 Lan
392 3367 505 3426 adibis:
528 3386 583 3443 pro
605 3368 695 3424 boum
716 3365 929 3442 praesepibus,

241 3453 455 3528 Ovilibusque,
475 3470 589 3529 proque
610 3452 723 3510 rustico
745 3451 822 3526 pedo

239 3538 342 3598 Vehet
362 3537 478 3596 faselus
497 3546 528 3594 ts
549 3545 580 3594 et
601 3536 752 3594 Phereclii
771 3535 867 3612 pedes

240 3623 368 3683 Festras
390 3622 549 3700 gemellas,
568 3621 660 3696 inque
681 3620 787 3698 Gythii
806 3620 887 3697 iuga,

217 3720 222 3730 '
241 3709 304 3769 Ubi
324 3708 365 3765 ad
385 3708 532 3768 scabrosa
555 3724 632 3766 saxa
649 3706 796 3782 pandatos
815 3705 904 3762 luens
