<?xml version="1.0" encoding="UTF-8"?>
<!DOCTYPE html PUBLIC "-//W3C//DTD XHTML 1.0 Transitional//EN"
    "http://www.w3.org/TR/xhtml1/DTD/xhtml1-transitional.dtd">
<html xmlns="http://www.w3.org/1999/xhtml" xml:lang="en" lang="en">
 <head>
  <title>
</title>
<meta http-equiv="Content-Type" content="text/html;charset=utf-8" />
  <meta name='ocr-system' content='tesseract 3.04.00' />
  <meta name='ocr-capabilities' content='ocr_page ocr_carea ocr_par ocr_line ocrx_word'/>
</head>
<body>
  <div class='ocr_page' id='page_1' title='image "./poemataomnia01scalgoog_0414.png"; bbox 0 0 3059 4492; ppageno 0'>
   <div class='ocr_carea' id='block_1_1' title="bbox 694 479 846 574">
    <p class='ocr_par' dir='ltr' id='par_1_1' title="bbox 694 479 846 574">
     <span class='ocr_line' id='line_1_1' title="bbox 694 479 846 574; baseline 0 -34"><span class='ocrx_word' id='word_1_1' title='bbox 694 479 846 574; x_wconf 50' lang='lat' dir='ltr'>gia</span> 
     </span>
    </p>
   </div>
   <div class='ocr_carea' id='block_1_2' title="bbox 314 649 1176 728">
    <p class='ocr_par' dir='ltr' id='par_1_2' title="bbox 314 649 1176 728">
     <span class='ocr_line' id='line_1_2' title="bbox 314 649 1176 728; baseline -0.003 -16"><span class='ocrx_word' id='word_1_2' title='bbox 314 649 527 712; x_wconf 83' lang='lat' dir='ltr'>Fausta&#39;bona</span> <span class='ocrx_word' id='word_1_3' title='bbox 547 649 713 728; x_wconf 74' lang='lat' dir='ltr'>inspirans,</span> <span class='ocrx_word' id='word_1_4' title='bbox 735 659 769 709; x_wconf 79' lang='lat' dir='ltr'>et·</span> <span class='ocrx_word' id='word_1_5' title='bbox 787 668 932 709; x_wconf 78' lang='lat' dir='ltr'>maenae</span> <span class='ocrx_word' id='word_1_6' title='bbox 952 649 1035 709; x_wconf 83' lang='lat' dir='ltr'>dona</span> <span class='ocrx_word' id='word_1_7' title='bbox 1054 650 1176 710; x_wconf 78' lang='lat' dir='ltr'>salutis.</span> 
     </span>
    </p>
   </div>
   <div class='ocr_carea' id='block_1_3' title="bbox 314 819 1231 1747">
    <p class='ocr_par' dir='ltr' id='par_1_3' title="bbox 314 819 1231 1409">
     <span class='ocr_line' id='line_1_3' title="bbox 316 819 1031 896; baseline 0 -16"><span class='ocrx_word' id='word_1_8' title='bbox 316 822 357 880; x_wconf 83' lang='lat' dir='ltr'>st</span> <span class='ocrx_word' id='word_1_9' title='bbox 506 819 608 878; x_wconf 80' lang='lat' dir='ltr'>Somni</span> <span class='ocrx_word' id='word_1_10' title='bbox 627 820 769 896; x_wconf 70' lang='lat' dir='ltr'>suffimen,</span> <span class='ocrx_word' id='word_1_11' title='bbox 793 839 856 878; x_wconf 78' lang='lat' dir='ltr'>eam</span> <span class='ocrx_word' id='word_1_12' title='bbox 872 837 1031 896; x_wconf 81' lang='lat' dir='ltr'>papavere.</span> 
     </span>
     <span class='ocr_line' id='line_1_4' title="bbox 316 903 1231 984; baseline -0.003 -17"><span class='ocrx_word' id='word_1_13' title='bbox 316 903 1231 984; x_wconf 76' lang='lat' dir='ltr'>Somnepater,Divumomnigenumunicusatquehominam</span> 
     </span>
     <span class='ocr_line' id='line_1_5' title="bbox 314 989 1229 1068; baseline -0.002 -18"><span class='ocrx_word' id='word_1_14' title='bbox 314 993 354 1050; x_wconf 83' lang='lat' dir='ltr'>Et</span> <span class='ocrx_word' id='word_1_15' title='bbox 373 1009 567 1067; x_wconf 85' lang='lat' dir='ltr'>quaecunque</span> <span class='ocrx_word' id='word_1_16' title='bbox 586 989 672 1048; x_wconf 83' lang='lat' dir='ltr'>fovet</span> <span class='ocrx_word' id='word_1_17' title='bbox 693 991 784 1049; x_wconf 83' lang='lat' dir='ltr'>tellus</span> <span class='ocrx_word' id='word_1_18' title='bbox 804 990 969 1049; x_wconf 74' lang='lat' dir='ltr'><strong>animantia</strong></span> <span class='ocrx_word' id='word_1_19' title='bbox 989 991 1090 1051; x_wconf 88' lang='lat' dir='ltr'>secla:</span> <span class='ocrx_word' id='word_1_20' title='bbox 1147 993 1229 1068; x_wconf 83' lang='lat' dir='ltr'>[rex,</span> 
     </span>
     <span class='ocr_line' id='line_1_6' title="bbox 316 1075 1203 1154; baseline -0.001 -17"><span class='ocrx_word' id='word_1_21' title='bbox 316 1076 466 1137; x_wconf 77' lang='lat' dir='ltr'>Omnibus</span> <span class='ocrx_word' id='word_1_22' title='bbox 488 1091 569 1134; x_wconf 80' lang='lat' dir='ltr'>unns</span> <span class='ocrx_word' id='word_1_23' title='bbox 588 1075 669 1133; x_wconf 88' lang='lat' dir='ltr'>enim</span> <span class='ocrx_word' id='word_1_24' title='bbox 689 1095 799 1154; x_wconf 84' lang='lat' dir='ltr'>regnas</span> <span class='ocrx_word' id='word_1_25' title='bbox 819 1083 909 1150; x_wconf 88' lang='lat' dir='ltr'>atque</span> <span class='ocrx_word' id='word_1_26' title='bbox 928 1076 1070 1136; x_wconf 87' lang='lat' dir='ltr'>omnibus</span> <span class='ocrx_word' id='word_1_27' title='bbox 1088 1077 1203 1150; x_wconf 64' lang='lat' dir='ltr'>adstea</span> 
     </span>
     <span class='ocr_line' id='line_1_7' title="bbox 318 1160 1129 1238; baseline 0 -17"><span class='ocrx_word' id='word_1_28' title='bbox 318 1160 517 1238; x_wconf 81' lang='lat' dir='ltr'>Corporaque</span> <span class='ocrx_word' id='word_1_29' title='bbox 536 1161 698 1220; x_wconf 82' lang='lat' dir='ltr'>insidiator</span> <span class='ocrx_word' id='word_1_30' title='bbox 719 1161 829 1219; x_wconf 89' lang='lat' dir='ltr'>inermi</span> <span class='ocrx_word' id='word_1_31' title='bbox 850 1161 996 1238; x_wconf 81' lang='lat' dir='ltr'>compede</span> <span class='ocrx_word' id='word_1_32' title='bbox 1015 1163 1129 1221; x_wconf 83' lang='lat' dir='ltr'>vincis:</span> 
     </span>
     <span class='ocr_line' id='line_1_8' title="bbox 317 1245 1141 1322; baseline 0 -16"><span class='ocrx_word' id='word_1_33' title='bbox 317 1245 463 1307; x_wconf 76' lang='lat' dir='ltr'>Cunerum</span> <span class='ocrx_word' id='word_1_34' title='bbox 486 1247 624 1318; x_wconf 81' lang='lat' dir='ltr'>domitor,</span> <span class='ocrx_word' id='word_1_35' title='bbox 646 1247 765 1321; x_wconf 79' lang='lat' dir='ltr'>requies</span> <span class='ocrx_word' id='word_1_36' title='bbox 786 1246 973 1322; x_wconf 86' lang='lat' dir='ltr'>praeblanda</span> <span class='ocrx_word' id='word_1_37' title='bbox 994 1245 1141 1321; x_wconf 86' lang='lat' dir='ltr'>laborum,</span> 
     </span>
     <span class='ocr_line' id='line_1_9' title="bbox 316 1333 1068 1409; baseline 0.001 -19"><span class='ocrx_word' id='word_1_38' title='bbox 316 1334 472 1391; x_wconf 89' lang='lat' dir='ltr'>Maerores</span> <span class='ocrx_word' id='word_1_39' title='bbox 496 1349 600 1390; x_wconf 87' lang='lat' dir='ltr'>omnes</span> <span class='ocrx_word' id='word_1_40' title='bbox 622 1349 715 1409; x_wconf 84' lang='lat' dir='ltr'>aegro</span> <span class='ocrx_word' id='word_1_41' title='bbox 736 1333 774 1389; x_wconf 88' lang='lat' dir='ltr'>de</span> <span class='ocrx_word' id='word_1_42' title='bbox 790 1341 913 1406; x_wconf 81' lang='lat' dir='ltr'>pectore</span> <span class='ocrx_word' id='word_1_43' title='bbox 934 1338 1068 1408; x_wconf 83' lang='lat' dir='ltr'>tergens.</span> 
     </span>
    </p>

    <p class='ocr_par' dir='ltr' id='par_1_4' title="bbox 317 1416 1099 1494">
     <span class='ocr_line' id='line_1_10' title="bbox 317 1416 1099 1494; baseline -0.001 -18"><span class='ocrx_word' id='word_1_44' title='bbox 317 1417 378 1493; x_wconf 81' lang='lat' dir='ltr'>Qui</span> <span class='ocrx_word' id='word_1_45' title='bbox 399 1416 506 1476; x_wconf 90' lang='lat' dir='ltr'>mortis</span> <span class='ocrx_word' id='word_1_46' title='bbox 528 1435 613 1475; x_wconf 86' lang='lat' dir='ltr'>curas</span> <span class='ocrx_word' id='word_1_47' title='bbox 634 1416 730 1494; x_wconf 81' lang='lat' dir='ltr'>abigis</span> <span class='ocrx_word' id='word_1_48' title='bbox 750 1417 927 1491; x_wconf 86' lang='lat' dir='ltr'>animasque</span> <span class='ocrx_word' id='word_1_49' title='bbox 944 1435 1099 1476; x_wconf 82' lang='lat' dir='ltr'>reserves:</span> 
     </span>
    </p>

    <p class='ocr_par' dir='ltr' id='par_1_5' title="bbox 315 1501 1113 1578">
     <span class='ocr_line' id='line_1_11' title="bbox 315 1501 1113 1578; baseline 0 -18"><span class='ocrx_word' id='word_1_50' title='bbox 315 1501 395 1561; x_wconf 85' lang='lat' dir='ltr'>Nam</span> <span class='ocrx_word' id='word_1_51' title='bbox 418 1519 488 1560; x_wconf 88' lang='lat' dir='ltr'>vere</span> <span class='ocrx_word' id='word_1_52' title='bbox 510 1502 619 1561; x_wconf 90' lang='lat' dir='ltr'>mortis</span> <span class='ocrx_word' id='word_1_53' title='bbox 637 1519 799 1578; x_wconf 82' lang='lat' dir='ltr'>germanus</span> <span class='ocrx_word' id='word_1_54' title='bbox 822 1520 855 1560; x_wconf 91' lang='lat' dir='ltr'>es</span> <span class='ocrx_word' id='word_1_55' title='bbox 878 1508 966 1575; x_wconf 84' lang='lat' dir='ltr'>atque</span> <span class='ocrx_word' id='word_1_56' title='bbox 987 1502 1113 1560; x_wconf 86' lang='lat' dir='ltr'>veterni.</span> 
     </span>
    </p>

    <p class='ocr_par' dir='ltr' id='par_1_6' title="bbox 317 1586 1027 1661">
     <span class='ocr_line' id='line_1_12' title="bbox 317 1586 1027 1661; baseline -0.007 -13"><span class='ocrx_word' id='word_1_57' title='bbox 317 1586 378 1648; x_wconf 87' lang='lat' dir='ltr'>Sed</span> <span class='ocrx_word' id='word_1_58' title='bbox 400 1588 457 1646; x_wconf 89' lang='lat' dir='ltr'>sub</span> <span class='ocrx_word' id='word_1_59' title='bbox 481 1594 511 1643; x_wconf 89' lang='lat' dir='ltr'>te</span> <span class='ocrx_word' id='word_1_60' title='bbox 534 1586 622 1661; x_wconf 87' lang='lat' dir='ltr'>placo</span> <span class='ocrx_word' id='word_1_61' title='bbox 641 1587 706 1644; x_wconf 85' lang='lat' dir='ltr'>miti</span> <span class='ocrx_word' id='word_1_62' title='bbox 727 1587 889 1644; x_wconf 83' lang='lat' dir='ltr'>adventare</span> <span class='ocrx_word' id='word_1_63' title='bbox 910 1587 1027 1659; x_wconf 85' lang='lat' dir='ltr'>favore,</span> 
     </span>
    </p>

    <p class='ocr_par' dir='ltr' id='par_1_7' title="bbox 318 1670 1137 1747">
     <span class='ocr_line' id='line_1_13' title="bbox 318 1670 1137 1747; baseline -0.001 -16"><span class='ocrx_word' id='word_1_64' title='bbox 318 1671 496 1732; x_wconf 81' lang='lat' dir='ltr'>Serrantem</span> <span class='ocrx_word' id='word_1_65' title='bbox 517 1670 628 1747; x_wconf 87' lang='lat' dir='ltr'>placidi</span> <span class='ocrx_word' id='word_1_66' title='bbox 649 1689 703 1730; x_wconf 91' lang='lat' dir='ltr'>nos</span> <span class='ocrx_word' id='word_1_67' title='bbox 727 1689 844 1730; x_wconf 80' lang='lat' dir='ltr'>sacrum</span> <span class='ocrx_word' id='word_1_68' title='bbox 866 1673 956 1728; x_wconf 91' lang='lat' dir='ltr'>ritum</span> <span class='ocrx_word' id='word_1_69' title='bbox 979 1673 1137 1732; x_wconf 85' lang='lat' dir='ltr'>obeuntes.</span> 
     </span>
    </p>
   </div>
   <div class='ocr_carea' id='block_1_4' title="bbox 309 1837 1230 3450">
    <p class='ocr_par' dir='ltr' id='par_1_8' title="bbox 316 1837 982 1917">
     <span class='ocr_line' id='line_1_14' title="bbox 316 1837 982 1917; baseline -0.005 -16"><span class='ocrx_word' id='word_1_70' title='bbox 316 1841 357 1901; x_wconf 89' lang='lat'>85</span> <span class='ocrx_word' id='word_1_71' title='bbox 405 1837 410 1844; x_wconf 61' lang='grc'><strong>’</strong></span> <span class='ocrx_word' id='word_1_72' title='bbox 560 1840 672 1900; x_wconf 78' lang='lat' dir='ltr'>Samnii</span> <span class='ocrx_word' id='word_1_73' title='bbox 689 1841 828 1917; x_wconf 72' lang='lat' dir='ltr'>atfsimcn,</span> <span class='ocrx_word' id='word_1_74' title='bbox 841 1851 982 1898; x_wconf 82' lang='lat' dir='ltr'><strong><em>aromata.</em></strong></span> 
     </span>
    </p>

    <p class='ocr_par' dir='ltr' id='par_1_9' title="bbox 315 1925 1132 2084">
     <span class='ocr_line' id='line_1_15' title="bbox 317 1925 1132 2002; baseline -0.001 -16"><span class='ocrx_word' id='word_1_75' title='bbox 317 1927 457 1986; x_wconf 82' lang='lat' dir='ltr'>Obsecro</span> <span class='ocrx_word' id='word_1_76' title='bbox 479 1932 520 1998; x_wconf 86' lang='lat' dir='ltr'>te,</span> <span class='ocrx_word' id='word_1_77' title='bbox 541 1927 694 2002; x_wconf 84' lang='lat' dir='ltr'>princeps,</span> <span class='ocrx_word' id='word_1_78' title='bbox 717 1925 845 1984; x_wconf 89' lang='lat' dir='ltr'>celerem</span> <span class='ocrx_word' id='word_1_79' title='bbox 866 1925 1041 2002; x_wconf 79' lang='lat' dir='ltr'>pernicibus</span> <span class='ocrx_word' id='word_1_80' title='bbox 1062 1927 1132 2000; x_wconf 72' lang='lat' dir='ltr'>alis,</span> 
     </span>
     <span class='ocr_line' id='line_1_16' title="bbox 315 2009 1094 2084; baseline -0.001 -15"><span class='ocrx_word' id='word_1_81' title='bbox 315 2011 456 2070; x_wconf 79' lang='lat' dir='ltr'>Nuntius</span> <span class='ocrx_word' id='word_1_82' title='bbox 474 2010 590 2084; x_wconf 79' lang='lat' dir='ltr'>incerti,</span> <span class='ocrx_word' id='word_1_83' title='bbox 612 2031 705 2069; x_wconf 80' lang='lat' dir='ltr'>verax</span> <span class='ocrx_word' id='word_1_84' title='bbox 722 2009 901 2071; x_wconf 84' lang='lat' dir='ltr'>Carmentus</span> <span class='ocrx_word' id='word_1_85' title='bbox 920 2012 1094 2084; x_wconf 77' lang='lat' dir='ltr'>homonum,</span> 
     </span>
    </p>

    <p class='ocr_par' dir='ltr' id='par_1_10' title="bbox 315 2096 1183 2430">
     <span class='ocr_line' id='line_1_17' title="bbox 316 2096 1131 2172; baseline 0 -18"><span class='ocrx_word' id='word_1_86' title='bbox 316 2096 397 2154; x_wconf 84' lang='lat' dir='ltr'>Nam</span> <span class='ocrx_word' id='word_1_87' title='bbox 422 2115 533 2172; x_wconf 82' lang='lat' dir='ltr'>repens</span> <span class='ocrx_word' id='word_1_88' title='bbox 552 2097 661 2155; x_wconf 80' lang='lat' dir='ltr'>tacitus</span> <span class='ocrx_word' id='word_1_89' title='bbox 681 2115 735 2172; x_wconf 90' lang='lat' dir='ltr'>per</span> <span class='ocrx_word' id='word_1_90' title='bbox 757 2097 854 2154; x_wconf 84' lang='lat' dir='ltr'>amica</span> <span class='ocrx_word' id='word_1_91' title='bbox 873 2096 996 2154; x_wconf 86' lang='lat' dir='ltr'>silentia</span> <span class='ocrx_word' id='word_1_92' title='bbox 1019 2097 1131 2169; x_wconf 86' lang='lat' dir='ltr'>somni,</span> 
     </span>
     <span class='ocr_line' id='line_1_18' title="bbox 316 2181 1183 2258; baseline 0.001 -19"><span class='ocrx_word' id='word_1_93' title='bbox 316 2182 541 2258; x_wconf 87' lang='lat' dir='ltr'>Insinuansque</span> <span class='ocrx_word' id='word_1_94' title='bbox 561 2183 669 2241; x_wconf 89' lang='lat' dir='ltr'>animis</span> <span class='ocrx_word' id='word_1_95' title='bbox 690 2182 845 2240; x_wconf 90' lang='lat' dir='ltr'>hominum</span> <span class='ocrx_word' id='word_1_96' title='bbox 868 2181 912 2239; x_wconf 90' lang='lat' dir='ltr'>cis</span> <span class='ocrx_word' id='word_1_97' title='bbox 934 2181 1040 2239; x_wconf 90' lang='lat' dir='ltr'>intima</span> <span class='ocrx_word' id='word_1_98' title='bbox 1061 2183 1183 2255; x_wconf 88' lang='lat' dir='ltr'>mentis,</span> 
     </span>
     <span class='ocr_line' id='line_1_19' title="bbox 315 2265 1054 2344; baseline -0.003 -20"><span class='ocrx_word' id='word_1_99' title='bbox 315 2267 356 2324; x_wconf 80' lang='lat' dir='ltr'>Et</span> <span class='ocrx_word' id='word_1_100' title='bbox 377 2267 452 2326; x_wconf 86' lang='lat' dir='ltr'>scita</span> <span class='ocrx_word' id='word_1_101' title='bbox 469 2266 509 2324; x_wconf 89' lang='lat' dir='ltr'>ad</span> <span class='ocrx_word' id='word_1_102' title='bbox 530 2285 656 2326; x_wconf 84' lang='lat' dir='ltr'>somnos</span> <span class='ocrx_word' id='word_1_103' title='bbox 673 2265 758 2344; x_wconf 84' lang='lat' dir='ltr'>leges</span> <span class='ocrx_word' id='word_1_104' title='bbox 781 2267 902 2324; x_wconf 85' lang='lat' dir='ltr'>decreta</span> <span class='ocrx_word' id='word_1_105' title='bbox 921 2266 1054 2339; x_wconf 82' lang='lat' dir='ltr'>deorum,</span> 
     </span>
     <span class='ocr_line' id='line_1_20' title="bbox 317 2347 1059 2430; baseline -0.004 -19"><span class='ocrx_word' id='word_1_106' title='bbox 317 2351 501 2430; x_wconf 75' lang='lat' dir='ltr'>Significant</span> <span class='ocrx_word' id='word_1_107' title='bbox 521 2352 630 2411; x_wconf 82' lang='lat' dir='ltr'>tacitus</span> <span class='ocrx_word' id='word_1_108' title='bbox 651 2352 752 2411; x_wconf 87' lang='lat' dir='ltr'>tacitis</span> <span class='ocrx_word' id='word_1_109' title='bbox 775 2347 926 2410; x_wconf 80' lang='lat' dir='ltr'>animabu’</span> <span class='ocrx_word' id='word_1_110' title='bbox 949 2351 1059 2423; x_wconf 85' lang='lat' dir='ltr'>futura,</span> 
     </span>
    </p>

    <p class='ocr_par' dir='ltr' id='par_1_11' title="bbox 317 2435 1069 2514">
     <span class='ocr_line' id='line_1_21' title="bbox 317 2435 1069 2514; baseline -0.004 -18"><span class='ocrx_word' id='word_1_111' title='bbox 317 2435 395 2496; x_wconf 68' lang='lat' dir='ltr'>Oro</span> <span class='ocrx_word' id='word_1_112' title='bbox 416 2437 486 2512; x_wconf 79' lang='lat' dir='ltr'>quis</span> <span class='ocrx_word' id='word_1_113' title='bbox 504 2437 562 2494; x_wconf 86' lang='lat' dir='ltr'>rite</span> <span class='ocrx_word' id='word_1_114' title='bbox 584 2437 653 2495; x_wconf 89' lang='lat' dir='ltr'>colit</span> <span class='ocrx_word' id='word_1_115' title='bbox 675 2437 763 2496; x_wconf 85' lang='lat' dir='ltr'>divos</span> <span class='ocrx_word' id='word_1_116' title='bbox 782 2438 814 2495; x_wconf 92' lang='lat' dir='ltr'>in</span> <span class='ocrx_word' id='word_1_117' title='bbox 835 2444 960 2514; x_wconf 90' lang='lat' dir='ltr'>pectore</span> <span class='ocrx_word' id='word_1_118' title='bbox 981 2448 1069 2513; x_wconf 81' lang='lat' dir='ltr'>puro.</span> 
     </span>
    </p>

    <p class='ocr_par' dir='ltr' id='par_1_12' title="bbox 309 2520 1230 3007">
     <span class='ocr_line' id='line_1_22' title="bbox 317 2520 1230 2599; baseline -0.002 -17"><span class='ocrx_word' id='word_1_119' title='bbox 317 2520 445 2599; x_wconf 86' lang='lat' dir='ltr'>Semper</span> <span class='ocrx_word' id='word_1_120' title='bbox 465 2529 499 2578; x_wconf 86' lang='lat' dir='ltr'>ut</span> <span class='ocrx_word' id='word_1_121' title='bbox 520 2523 688 2599; x_wconf 82' lang='lat' dir='ltr'>anticipans</span> <span class='ocrx_word' id='word_1_122' title='bbox 719 2541 806 2598; x_wconf 90' lang='lat' dir='ltr'>spem</span> <span class='ocrx_word' id='word_1_123' title='bbox 830 2521 972 2581; x_wconf 87' lang='lat' dir='ltr'>blandam</span> <span class='ocrx_word' id='word_1_124' title='bbox 992 2529 1093 2578; x_wconf 89' lang='lat' dir='ltr'>mente</span> <span class='ocrx_word' id='word_1_125' title='bbox 1116 2522 1230 2598; x_wconf 79' lang='lat' dir='ltr'>sagaci,</span> 
     </span>
     <span class='ocr_line' id='line_1_23' title="bbox 309 2606 1229 2684; baseline 0 -20"><span class='ocrx_word' id='word_1_126' title='bbox 309 2606 416 2676; x_wconf 16' lang='lat' dir='ltr'>,Vitem</span> <span class='ocrx_word' id='word_1_127' title='bbox 439 2607 594 2666; x_wconf 89' lang='lat' dir='ltr'>hominum</span> <span class='ocrx_word' id='word_1_128' title='bbox 617 2608 771 2665; x_wconf 85' lang='lat' dir='ltr'>illecebris</span> <span class='ocrx_word' id='word_1_129' title='bbox 782 2608 945 2684; x_wconf 83' lang='lat' dir='ltr'>prolectas,</span> <span class='ocrx_word' id='word_1_130' title='bbox 959 2607 1069 2684; x_wconf 80' lang='lat' dir='ltr'>gaudia</span> <span class='ocrx_word' id='word_1_131' title='bbox 1081 2606 1229 2679; x_wconf 79' lang='lat' dir='ltr'>hiantum,</span> 
     </span>
     <span class='ocr_line' id='line_1_24' title="bbox 316 2687 1212 2768; baseline 0 -17"><span class='ocrx_word' id='word_1_132' title='bbox 316 2690 417 2766; x_wconf 82' lang='lat' dir='ltr'>thue</span> <span class='ocrx_word' id='word_1_133' title='bbox 438 2692 577 2752; x_wconf 89' lang='lat' dir='ltr'>homines</span> <span class='ocrx_word' id='word_1_134' title='bbox 599 2693 731 2750; x_wconf 80' lang='lat' dir='ltr'>animum</span> <span class='ocrx_word' id='word_1_135' title='bbox 751 2693 943 2768; x_wconf 82' lang='lat' dir='ltr'>requiescant</span> <span class='ocrx_word' id='word_1_136' title='bbox 964 2687 1095 2749; x_wconf 88' lang='lat' dir='ltr'>tristibu&#39;</span> <span class='ocrx_word' id='word_1_137' title='bbox 1120 2692 1212 2763; x_wconf 81' lang='lat' dir='ltr'>curie,</span> 
     </span>
     <span class='ocr_line' id='line_1_25' title="bbox 318 2774 1101 2853; baseline -0.003 -17"><span class='ocrx_word' id='word_1_138' title='bbox 318 2774 543 2853; x_wconf 87' lang='lat' dir='ltr'>Suppliciisque</span> <span class='ocrx_word' id='word_1_139' title='bbox 563 2777 638 2836; x_wconf 82' lang='lat' dir='ltr'>deos</span> <span class='ocrx_word' id='word_1_140' title='bbox 661 2797 701 2835; x_wconf 88' lang='lat' dir='ltr'>ex</span> <span class='ocrx_word' id='word_1_141' title='bbox 723 2795 809 2835; x_wconf 88' lang='lat' dir='ltr'>sacro</span> <span class='ocrx_word' id='word_1_142' title='bbox 825 2797 950 2836; x_wconf 88' lang='lat' dir='ltr'>munere</span> <span class='ocrx_word' id='word_1_143' title='bbox 970 2775 1101 2853; x_wconf 82' lang='lat' dir='ltr'>placent.</span> 
     </span>
     <span class='ocr_line' id='line_1_26' title="bbox 315 2859 1101 2938; baseline 0.001 -19"><span class='ocrx_word' id='word_1_144' title='bbox 315 2859 456 2936; x_wconf 85' lang='lat' dir='ltr'>Namque</span> <span class='ocrx_word' id='word_1_145' title='bbox 477 2861 537 2938; x_wconf 92' lang='lat' dir='ltr'>piis</span> <span class='ocrx_word' id='word_1_146' title='bbox 561 2880 682 2938; x_wconf 88' lang='lat' dir='ltr'>semper</span> <span class='ocrx_word' id='word_1_147' title='bbox 703 2870 765 2920; x_wconf 86' lang='lat' dir='ltr'>stat</span> <span class='ocrx_word' id='word_1_148' title='bbox 782 2862 1001 2922; x_wconf 74' lang='lat' dir='ltr'>dulciorexita</span> <span class='ocrx_word' id='word_1_149' title='bbox 1019 2863 1101 2935; x_wconf 86' lang='lat' dir='ltr'>finis,</span> 
     </span>
     <span class='ocr_line' id='line_1_27' title="bbox 318 2945 994 3007; baseline 0.003 -3"><span class='ocrx_word' id='word_1_150' title='bbox 318 2946 451 3004; x_wconf 85' lang='lat' dir='ltr'>Tantum</span> <span class='ocrx_word' id='word_1_151' title='bbox 468 2947 577 3005; x_wconf 85' lang='lat' dir='ltr'>celavit</span> <span class='ocrx_word' id='word_1_152' title='bbox 600 2945 753 3006; x_wconf 87' lang='lat' dir='ltr'>venientia</span> <span class='ocrx_word' id='word_1_153' title='bbox 774 2949 836 3005; x_wconf 82' lang='lat' dir='ltr'>fata</span> <span class='ocrx_word' id='word_1_154' title='bbox 858 2948 994 3007; x_wconf 82' lang='lat' dir='ltr'>nefastos</span> 
     </span>
    </p>

    <p class='ocr_par' dir='ltr' id='par_1_13' title="bbox 317 3030 1103 3110">
     <span class='ocr_line' id='line_1_28' title="bbox 317 3030 1103 3110; baseline -0.004 -19"><span class='ocrx_word' id='word_1_155' title='bbox 317 3030 502 3110; x_wconf 82' lang='lat' dir='ltr'>Somnigena</span> <span class='ocrx_word' id='word_1_156' title='bbox 525 3033 654 3108; x_wconf 85' lang='lat' dir='ltr'>species,</span> <span class='ocrx_word' id='word_1_157' title='bbox 676 3033 846 3092; x_wconf 88' lang='lat' dir='ltr'>certissima</span> <span class='ocrx_word' id='word_1_158' title='bbox 867 3033 973 3091; x_wconf 86' lang='lat' dir='ltr'>nuntia</span> <span class='ocrx_word' id='word_1_159' title='bbox 992 3032 1103 3090; x_wconf 83' lang='lat' dir='ltr'>damni.</span> 
     </span>
    </p>

    <p class='ocr_par' dir='ltr' id='par_1_14' title="bbox 316 3115 1085 3196">
     <span class='ocr_line' id='line_1_29' title="bbox 316 3115 1085 3196; baseline -0.001 -21"><span class='ocrx_word' id='word_1_160' title='bbox 316 3115 366 3175; x_wconf 85' lang='lat' dir='ltr'>Ne</span> <span class='ocrx_word' id='word_1_161' title='bbox 387 3118 547 3192; x_wconf 74' lang='lat' dir='ltr'>quateret</span> <span class='ocrx_word' id='word_1_162' title='bbox 567 3136 667 3176; x_wconf 85' lang='lat' dir='ltr'>noxae</span> <span class='ocrx_word' id='word_1_163' title='bbox 689 3119 839 3178; x_wconf 80' lang='lat' dir='ltr'>venientis</span> <span class='ocrx_word' id='word_1_164' title='bbox 863 3119 985 3196; x_wconf 86' lang='lat' dir='ltr'>cognita</span> <span class='ocrx_word' id='word_1_165' title='bbox 1004 3118 1085 3175; x_wconf 89' lang='lat' dir='ltr'>finis.</span> 
     </span>
    </p>

    <p class='ocr_par' dir='ltr' id='par_1_15' title="bbox 316 3199 1196 3450">
     <span class='ocr_line' id='line_1_30' title="bbox 317 3199 1196 3280; baseline -0.002 -19"><span class='ocrx_word' id='word_1_166' title='bbox 317 3199 417 3261; x_wconf 79' lang='lat' dir='ltr'>Clinia</span> <span class='ocrx_word' id='word_1_167' title='bbox 436 3204 492 3261; x_wconf 76' lang='lat' dir='ltr'>seu</span> <span class='ocrx_word' id='word_1_168' title='bbox 511 3211 541 3260; x_wconf 86' lang='lat' dir='ltr'>te</span> <span class='ocrx_word' id='word_1_169' title='bbox 560 3211 665 3262; x_wconf 85' lang='lat' dir='ltr'>sancto</span> <span class='ocrx_word' id='word_1_170' title='bbox 687 3221 804 3280; x_wconf 91' lang='lat' dir='ltr'>precor,</span> <span class='ocrx_word' id='word_1_171' title='bbox 826 3210 1039 3280; x_wconf 82' lang='lat' dir='ltr'>praemonstra</span> <span class='ocrx_word' id='word_1_172' title='bbox 1058 3201 1196 3260; x_wconf 84' lang='lat' dir='ltr'>Deorum</span> 
     </span>
     <span class='ocr_line' id='line_1_31' title="bbox 316 3285 1101 3365; baseline -0.001 -20"><span class='ocrx_word' id='word_1_173' title='bbox 316 3285 474 3360; x_wconf 73' lang='lat' dir='ltr'>Notificee&#39;,</span> <span class='ocrx_word' id='word_1_174' title='bbox 496 3305 675 3364; x_wconf 84' lang='lat' dir='ltr'>semperque</span> <span class='ocrx_word' id='word_1_175' title='bbox 696 3288 854 3348; x_wconf 86' lang='lat' dir='ltr'>offendens</span> <span class='ocrx_word' id='word_1_176' title='bbox 875 3296 996 3365; x_wconf 80' lang='lat' dir='ltr'>pectora</span> <span class='ocrx_word' id='word_1_177' title='bbox 1014 3306 1101 3364; x_wconf 89' lang='lat' dir='ltr'>pura,</span> 
     </span>
     <span class='ocr_line' id='line_1_32' title="bbox 316 3369 1083 3450; baseline -0.001 -21"><span class='ocrx_word' id='word_1_178' title='bbox 316 3369 480 3449; x_wconf 86' lang='lat' dir='ltr'>Nunquam</span> <span class='ocrx_word' id='word_1_179' title='bbox 503 3373 652 3450; x_wconf 87' lang='lat' dir='ltr'>prodigiis</span> <span class='ocrx_word' id='word_1_180' title='bbox 675 3371 830 3432; x_wconf 82' lang='lat' dir='ltr'>acclurans</span> <span class='ocrx_word' id='word_1_181' title='bbox 851 3375 954 3433; x_wconf 90' lang='lat' dir='ltr'>omina</span> <span class='ocrx_word' id='word_1_182' title='bbox 970 3373 1083 3449; x_wconf 85' lang='lat' dir='ltr'>inique.</span> 
     </span>
    </p>
   </div>
   <div class='ocr_carea' id='block_1_5' title="bbox 317 3543 1212 3790">
    <p class='ocr_par' dir='ltr' id='par_1_16' title="bbox 317 3543 1212 3790">
     <span class='ocr_line' id='line_1_33' title="bbox 317 3543 979 3619; baseline -0.002 -18"><span class='ocrx_word' id='word_1_183' title='bbox 317 3543 358 3601; x_wconf 78' lang='grc'>86</span> <span class='ocrx_word' id='word_1_184' title='bbox 567 3543 673 3602; x_wconf 73' lang='lat' dir='ltr'>Mortis</span> <span class='ocrx_word' id='word_1_185' title='bbox 694 3544 834 3619; x_wconf 69' lang='lat' dir='ltr'>tuffiaco,</span> <span class='ocrx_word' id='word_1_186' title='bbox 859 3563 979 3602; x_wconf 81' lang='lat' dir='ltr'>maana·</span> 
     </span>
     <span class='ocr_line' id='line_1_34' title="bbox 317 3625 1212 3704; baseline 0 -20"><span class='ocrx_word' id='word_1_187' title='bbox 317 3625 387 3684; x_wconf 79' lang='lat' dir='ltr'>Huc</span> <span class='ocrx_word' id='word_1_188' title='bbox 408 3627 503 3700; x_wconf 72' lang='lat' dir='ltr'>aisis,</span> <span class='ocrx_word' id='word_1_189' title='bbox 524 3644 603 3703; x_wconf 84' lang='lat' dir='ltr'>quae</span> <span class='ocrx_word' id='word_1_190' title='bbox 622 3627 779 3688; x_wconf 87' lang='lat' dir='ltr'>hominum</span> <span class='ocrx_word' id='word_1_191' title='bbox 800 3628 914 3688; x_wconf 86' lang='lat' dir='ltr'>moliris</span> <span class='ocrx_word' id='word_1_192' title='bbox 935 3635 1045 3686; x_wconf 84' lang='lat' dir='ltr'>cuncta</span> <span class='ocrx_word' id='word_1_193' title='bbox 1063 3627 1212 3704; x_wconf 81' lang='lat' dir='ltr'>guberna,</span> 
     </span>
     <span class='ocr_line' id='line_1_35' title="bbox 318 3712 1165 3790; baseline -0.005 -18"><span class='ocrx_word' id='word_1_194' title='bbox 318 3713 641 3788; x_wconf 65' lang='lat' dir='ltr'>Tantum&#39;protueens</span> <span class='ocrx_word' id='word_1_195' title='bbox 666 3715 732 3772; x_wconf 78' lang='lat' dir='ltr'>aevi</span> <span class='ocrx_word' id='word_1_196' title='bbox 754 3722 897 3790; x_wconf 85' lang='lat' dir='ltr'>quantum</span> <span class='ocrx_word' id='word_1_197' title='bbox 918 3714 1037 3772; x_wconf 90' lang='lat' dir='ltr'>eminus</span> <span class='ocrx_word' id='word_1_198' title='bbox 1060 3712 1165 3771; x_wconf 80' lang='lat' dir='ltr'>distes.</span> 
     </span>
    </p>
   </div>
   <div class='ocr_carea' id='block_1_6' title="bbox 0 0 1538 4492">
    <p class='ocr_par' dir='ltr' id='par_1_17' title="bbox 0 0 1538 4492">
     <span class='ocr_line' id='line_1_36' title="bbox 0 0 1538 4492; baseline 0 0"><span class='ocrx_word' id='word_1_199' title='bbox 0 0 1538 4492; x_wconf 95' lang='lat' dir='ltr'> </span> 
     </span>
    </p>
   </div>
  </div>
 </body>
</html>
