<?xml version="1.0" encoding="UTF-8"?>
<!DOCTYPE html PUBLIC "-//W3C//DTD XHTML 1.0 Transitional//EN"
    "http://www.w3.org/TR/xhtml1/DTD/xhtml1-transitional.dtd">
<html xmlns="http://www.w3.org/1999/xhtml" xml:lang="en" lang="en">
 <head>
  <title>
</title>
<meta http-equiv="Content-Type" content="text/html;charset=utf-8" />
  <meta name='ocr-system' content='tesseract 3.04.00' />
  <meta name='ocr-capabilities' content='ocr_page ocr_carea ocr_par ocr_line ocrx_word'/>
</head>
<body>
  <div class='ocr_page' id='page_1' title='image "./poemataomnia01scalgoog_0017.png"; bbox 0 0 3059 4492; ppageno 0'>
   <div class='ocr_carea' id='block_1_1' title="bbox 783 507 821 566">
    <p class='ocr_par' dir='ltr' id='par_1_1' title="bbox 783 507 821 566">
     <span class='ocr_line' id='line_1_1' title="bbox 783 507 821 566; baseline 0 0"><span class='ocrx_word' id='word_1_1' title='bbox 783 507 821 566; x_wconf 84' lang='lat'><strong>13</strong></span> 
     </span>
    </p>
   </div>
   <div class='ocr_carea' id='block_1_2' title="bbox 728 593 878 602">
    <p class='ocr_par' dir='ltr' id='par_1_2' title="bbox 728 593 878 602">
     <span class='ocr_line' id='line_1_2' title="bbox 728 593 878 602; baseline 0.013 -2"><span class='ocrx_word' id='word_1_2' title='bbox 728 593 878 602; x_wconf 63' lang='grc'><strong>.-</strong></span> 
     </span>
    </p>
   </div>
   <div class='ocr_carea' id='block_1_3' title="bbox 340 669 835 1939">
    <p class='ocr_par' dir='ltr' id='par_1_3' title="bbox 343 669 815 1086">
     <span class='ocr_line' id='line_1_3' title="bbox 343 669 725 732; baseline 0.01 -4"><span class='ocrx_word' id='word_1_3' title='bbox 343 669 456 730; x_wconf 88' lang='lat' dir='ltr'><strong>Omnis</strong></span> <span class='ocrx_word' id='word_1_4' title='bbox 479 670 565 729; x_wconf 90' lang='lat' dir='ltr'><strong>ocius</strong></span> <span class='ocrx_word' id='word_1_5' title='bbox 587 672 645 730; x_wconf 90' lang='lat' dir='ltr'><strong>huc</strong></span> <span class='ocrx_word' id='word_1_6' title='bbox 668 691 725 732; x_wconf 85' lang='lat' dir='ltr'><strong>sua</strong></span> 
     </span>
     <span class='ocr_line' id='line_1_4' title="bbox 385 753 744 831; baseline 0.014 -20"><span class='ocrx_word' id='word_1_7' title='bbox 385 753 466 812; x_wconf 84' lang='lat' dir='ltr'><strong>Vota</strong></span> <span class='ocrx_word' id='word_1_8' title='bbox 488 757 660 814; x_wconf 78' lang='lat' dir='ltr'><strong>contribuat</strong></span> <span class='ocrx_word' id='word_1_9' title='bbox 678 758 744 831; x_wconf 87' lang='lat' dir='ltr'><strong>tibi,</strong></span> 
     </span>
     <span class='ocr_line' id='line_1_5' title="bbox 387 838 815 917; baseline 0.014 -21"><span class='ocrx_word' id='word_1_10' title='bbox 387 838 449 914; x_wconf 85' lang='lat' dir='ltr'><strong>Qui</strong></span> <span class='ocrx_word' id='word_1_11' title='bbox 468 847 550 898; x_wconf 87' lang='lat' dir='ltr'><strong>tuum</strong></span> <span class='ocrx_word' id='word_1_12' title='bbox 577 842 709 901; x_wconf 88' lang='lat' dir='ltr'><strong>thiasum</strong></span> <span class='ocrx_word' id='word_1_13' title='bbox 731 844 815 917; x_wconf 89' lang='lat' dir='ltr'><strong>colit,</strong></span> 
     </span>
     <span class='ocr_line' id='line_1_6' title="bbox 387 922 810 1000; baseline 0.017 -19"><span class='ocrx_word' id='word_1_14' title='bbox 387 922 459 999; x_wconf 81' lang='lat' dir='ltr'><strong>Qui,</strong></span> <span class='ocrx_word' id='word_1_15' title='bbox 481 925 620 1000; x_wconf 79' lang='lat' dir='ltr'><strong>Melisse,</strong></span> <span class='ocrx_word' id='word_1_16' title='bbox 642 928 740 988; x_wconf 88' lang='lat' dir='ltr'><strong>sititor</strong></span> <span class='ocrx_word' id='word_1_17' title='bbox 761 937 810 988; x_wconf 89' lang='lat' dir='ltr'><strong>est</strong></span> 
     </span>
     <span class='ocr_line' id='line_1_7' title="bbox 386 1009 766 1086; baseline 0.016 -20"><span class='ocrx_word' id='word_1_18' title='bbox 386 1009 632 1086; x_wconf 89' lang='lat' dir='ltr'><strong>Hippocrenidos</strong></span> <span class='ocrx_word' id='word_1_19' title='bbox 658 1013 766 1072; x_wconf 88' lang='lat' dir='ltr'><strong>undae.</strong></span> 
     </span>
    </p>

    <p class='ocr_par' dir='ltr' id='par_1_4' title="bbox 340 1095 835 1512">
     <span class='ocr_line' id='line_1_8' title="bbox 340 1095 766 1156; baseline 0.005 -2"><span class='ocrx_word' id='word_1_20' title='bbox 340 1095 443 1154; x_wconf 87' lang='lat' dir='ltr'><strong>Ambo</strong></span> <span class='ocrx_word' id='word_1_21' title='bbox 467 1097 660 1155; x_wconf 75' lang='lat' dir='ltr'><strong>contribuant</strong></span> <span class='ocrx_word' id='word_1_22' title='bbox 681 1117 766 1156; x_wconf 91' lang='lat' dir='ltr'><strong>suum</strong></span> 
     </span>
     <span class='ocr_line' id='line_1_9' title="bbox 386 1177 835 1256; baseline 0.011 -19"><span class='ocrx_word' id='word_1_23' title='bbox 386 1177 527 1253; x_wconf 79' lang='lat' dir='ltr'><strong>Carmen,</strong></span> <span class='ocrx_word' id='word_1_24' title='bbox 544 1181 636 1256; x_wconf 89' lang='lat' dir='ltr'><strong>inque</strong></span> <span class='ocrx_word' id='word_1_25' title='bbox 657 1183 754 1241; x_wconf 86' lang='lat' dir='ltr'><strong>vicem</strong></span> <span class='ocrx_word' id='word_1_26' title='bbox 776 1184 835 1243; x_wconf 84' lang='lat' dir='ltr'>sibi</span> 
     </span>
     <span class='ocr_line' id='line_1_10' title="bbox 387 1262 801 1345; baseline 0.007 -21"><span class='ocrx_word' id='word_1_27' title='bbox 387 1262 476 1324; x_wconf 87' lang='lat' dir='ltr'><strong>Serta</strong></span> <span class='ocrx_word' id='word_1_28' title='bbox 496 1274 600 1324; x_wconf 89' lang='lat' dir='ltr'><strong>mutua</strong></span> <span class='ocrx_word' id='word_1_29' title='bbox 623 1277 801 1345; x_wconf 83' lang='lat' dir='ltr'><strong>comparent</strong></span> 
     </span>
     <span class='ocr_line' id='line_1_11' title="bbox 385 1349 766 1429; baseline 0.013 -22"><span class='ocrx_word' id='word_1_30' title='bbox 385 1349 465 1409; x_wconf 82' lang='lat' dir='ltr'><strong>Filio</strong></span> <span class='ocrx_word' id='word_1_31' title='bbox 490 1351 619 1410; x_wconf 90' lang='lat' dir='ltr'><strong>celebris</strong></span> <span class='ocrx_word' id='word_1_32' title='bbox 641 1372 766 1429; x_wconf 87' lang='lat' dir='ltr'><strong>parens,</strong></span> 
     </span>
     <span class='ocr_line' id='line_1_12' title="bbox 384 1434 686 1512; baseline 0.01 -20"><span class='ocrx_word' id='word_1_33' title='bbox 384 1434 539 1511; x_wconf 81' lang='lat' dir='ltr'><strong>Piliusque</strong></span> <span class='ocrx_word' id='word_1_34' title='bbox 559 1439 686 1512; x_wconf 89' lang='lat' dir='ltr'><strong>parenti.</strong></span> 
     </span>
    </p>

    <p class='ocr_par' dir='ltr' id='par_1_5' title="bbox 342 1518 787 1939">
     <span class='ocr_line' id='line_1_13' title="bbox 342 1518 787 1596; baseline 0.007 -20"><span class='ocrx_word' id='word_1_35' title='bbox 342 1518 464 1594; x_wconf 86' lang='lat' dir='ltr'><strong>Tuque,</strong></span> <span class='ocrx_word' id='word_1_36' title='bbox 487 1540 565 1596; x_wconf 92' lang='lat' dir='ltr'><strong>quae</strong></span> <span class='ocrx_word' id='word_1_37' title='bbox 587 1522 682 1580; x_wconf 92' lang='lat' dir='ltr'><strong>semel</strong></span> <span class='ocrx_word' id='word_1_38' title='bbox 705 1522 787 1579; x_wconf 83' lang='lat' dir='ltr'><strong>edita</strong></span> 
     </span>
     <span class='ocr_line' id='line_1_14' title="bbox 384 1604 778 1680; baseline 0.01 -18"><span class='ocrx_word' id='word_1_39' title='bbox 384 1604 478 1663; x_wconf 89' lang='lat' dir='ltr'><strong>Prole</strong></span> <span class='ocrx_word' id='word_1_40' title='bbox 500 1615 596 1664; x_wconf 89' lang='lat' dir='ltr'><strong>mater</strong></span> <span class='ocrx_word' id='word_1_41' title='bbox 618 1626 651 1666; x_wconf 88' lang='lat' dir='ltr'><strong>es</strong></span> <span class='ocrx_word' id='word_1_42' title='bbox 675 1608 778 1680; x_wconf 91' lang='lat' dir='ltr'><strong>unius,</strong></span> 
     </span>
     <span class='ocr_line' id='line_1_15' title="bbox 385 1691 774 1760; baseline 0.008 -13"><span class='ocrx_word' id='word_1_43' title='bbox 385 1691 484 1748; x_wconf 81' lang='lat' dir='ltr'><strong>Mater</strong></span> <span class='ocrx_word' id='word_1_44' title='bbox 507 1691 581 1760; x_wconf 85' lang='lat' dir='ltr'><strong>alite</strong></span> <span class='ocrx_word' id='word_1_45' title='bbox 602 1710 668 1749; x_wconf 90' lang='lat' dir='ltr'><strong>cum</strong></span> <span class='ocrx_word' id='word_1_46' title='bbox 690 1693 774 1750; x_wconf 91' lang='lat' dir='ltr'><strong>bona</strong></span> 
     </span>
     <span class='ocr_line' id='line_1_16' title="bbox 383 1774 764 1849; baseline 0.008 -17"><span class='ocrx_word' id='word_1_47' title='bbox 383 1774 472 1834; x_wconf 84' lang='lat' dir='ltr'><strong>Vatis</strong></span> <span class='ocrx_word' id='word_1_48' title='bbox 496 1784 561 1835; x_wconf 87' lang='lat' dir='ltr'><strong>esto</strong></span> <span class='ocrx_word' id='word_1_49' title='bbox 584 1795 641 1834; x_wconf 87' lang='lat' dir='ltr'><strong>nec</strong></span> <span class='ocrx_word' id='word_1_50' title='bbox 662 1777 764 1849; x_wconf 93' lang='lat' dir='ltr'><strong>unius,</strong></span> 
     </span>
     <span class='ocr_line' id='line_1_17' title="bbox 384 1859 759 1939; baseline 0 -21"><span class='ocrx_word' id='word_1_51' title='bbox 384 1859 452 1919; x_wconf 88' lang='lat' dir='ltr'><strong>Nec</strong></span> <span class='ocrx_word' id='word_1_52' title='bbox 473 1869 600 1939; x_wconf 88' lang='lat' dir='ltr'><strong>parente</strong></span> <span class='ocrx_word' id='word_1_53' title='bbox 621 1862 759 1920; x_wconf 82' lang='lat' dir='ltr'><strong>minoris.</strong></span> 
     </span>
    </p>
   </div>
   <div class='ocr_carea' id='block_1_4' title="bbox 341 2031 1255 2277">
    <p class='ocr_par' dir='ltr' id='par_1_6' title="bbox 341 2031 1255 2277">
     <span class='ocr_line' id='line_1_18' title="bbox 500 2031 1097 2106; baseline 0.003 -18"><span class='ocrx_word' id='word_1_54' title='bbox 500 2031 528 2088; x_wconf 80' lang='lat' dir='ltr'><strong>l.</strong></span> <span class='ocrx_word' id='word_1_55' title='bbox 575 2033 614 2088; x_wconf 77' lang='lat' dir='ltr'><strong>In</strong></span> <span class='ocrx_word' id='word_1_56' title='bbox 637 2031 772 2088; x_wconf 81' lang='lat' dir='ltr'><strong>tabellum</strong></span> <span class='ocrx_word' id='word_1_57' title='bbox 794 2034 924 2106; x_wconf 79' lang='lat' dir='ltr'><strong>depictae</strong></span> <span class='ocrx_word' id='word_1_58' title='bbox 945 2032 1097 2092; x_wconf 81' lang='lat' dir='ltr'><strong>Dominae.</strong></span> 
     </span>
     <span class='ocr_line' id='line_1_19' title="bbox 341 2113 1255 2193; baseline 0.002 -19"><span class='ocrx_word' id='word_1_59' title='bbox 341 2113 419 2174; x_wconf 82' lang='lat' dir='ltr'><strong>Cum</strong></span> <span class='ocrx_word' id='word_1_60' title='bbox 442 2115 596 2174; x_wconf 86' lang='lat' dir='ltr'><strong>dominam</strong></span> <span class='ocrx_word' id='word_1_61' title='bbox 616 2125 742 2176; x_wconf 83' lang='lat' dir='ltr'><strong>nostrae</strong></span> <span class='ocrx_word' id='word_1_62' title='bbox 761 2116 872 2177; x_wconf 90' lang='lat' dir='ltr'><strong>mentis</strong></span> <span class='ocrx_word' id='word_1_63' title='bbox 886 2134 1003 2174; x_wconf 88' lang='lat' dir='ltr'><strong>memor</strong></span> <span class='ocrx_word' id='word_1_64' title='bbox 1017 2135 1092 2173; x_wconf 85' lang='lat' dir='ltr'><strong>aura</strong></span> <span class='ocrx_word' id='word_1_65' title='bbox 1102 2124 1255 2193; x_wconf 85' lang='lat' dir='ltr'><strong>retractat,</strong></span> 
     </span>
     <span class='ocr_line' id='line_1_20' title="bbox 384 2200 1099 2277; baseline 0.006 -19"><span class='ocrx_word' id='word_1_66' title='bbox 384 2200 544 2260; x_wconf 79' lang='lat' dir='ltr'><strong>Praesenti</strong></span> <span class='ocrx_word' id='word_1_67' title='bbox 567 2202 724 2260; x_wconf 77' lang='lat' dir='ltr'><strong>absentem</strong></span> <span class='ocrx_word' id='word_1_68' title='bbox 746 2220 840 2277; x_wconf 87' lang='lat' dir='ltr'><strong>parva</strong></span> <span class='ocrx_word' id='word_1_69' title='bbox 861 2201 975 2260; x_wconf 86' lang='lat' dir='ltr'><strong>tabella</strong></span> <span class='ocrx_word' id='word_1_70' title='bbox 997 2202 1099 2262; x_wconf 81' lang='lat' dir='ltr'><strong>refert.</strong></span> 
     </span>
    </p>
   </div>
   <div class='ocr_carea' id='block_1_5' title="bbox 339 2283 1256 2788">
    <p class='ocr_par' dir='ltr' id='par_1_7' title="bbox 341 2283 1256 2447">
     <span class='ocr_line' id='line_1_21' title="bbox 341 2283 1256 2364; baseline 0.002 -20"><span class='ocrx_word' id='word_1_71' title='bbox 341 2283 419 2344; x_wconf 84' lang='lat' dir='ltr'><strong>Cum</strong></span> <span class='ocrx_word' id='word_1_72' title='bbox 440 2294 572 2343; x_wconf 91' lang='lat' dir='ltr'><strong>mentem</strong></span> <span class='ocrx_word' id='word_1_73' title='bbox 594 2286 730 2358; x_wconf 85' lang='lat' dir='ltr'><strong>artificis,</strong></span> <span class='ocrx_word' id='word_1_74' title='bbox 751 2305 817 2343; x_wconf 89' lang='lat' dir='ltr'><strong>cum</strong></span> <span class='ocrx_word' id='word_1_75' title='bbox 838 2286 931 2344; x_wconf 89' lang='lat' dir='ltr'><strong>miror</strong></span> <span class='ocrx_word' id='word_1_76' title='bbox 948 2287 1089 2364; x_wconf 82' lang='lat' dir='ltr'><strong>imaginis</strong></span> <span class='ocrx_word' id='word_1_77' title='bbox 1108 2289 1256 2363; x_wconf 88' lang='lat' dir='ltr'><strong>umbram,</strong></span> 
     </span>
     <span class='ocr_line' id='line_1_22' title="bbox 384 2370 1104 2447; baseline 0.003 -19"><span class='ocrx_word' id='word_1_78' title='bbox 384 2371 436 2429; x_wconf 93' lang='lat' dir='ltr'><strong>Illi</strong></span> <span class='ocrx_word' id='word_1_79' title='bbox 457 2372 531 2428; x_wconf 89' lang='lat' dir='ltr'><strong>hera</strong></span> <span class='ocrx_word' id='word_1_80' title='bbox 551 2389 619 2447; x_wconf 88' lang='lat' dir='ltr'><strong>par,</strong></span> <span class='ocrx_word' id='word_1_81' title='bbox 647 2370 695 2428; x_wconf 91' lang='lat' dir='ltr'><strong>vel</strong></span> <span class='ocrx_word' id='word_1_82' title='bbox 715 2390 772 2447; x_wconf 87' lang='lat' dir='ltr'><strong>par</strong></span> <span class='ocrx_word' id='word_1_83' title='bbox 794 2371 849 2428; x_wconf 89' lang='lat' dir='ltr'><strong>illa</strong></span> <span class='ocrx_word' id='word_1_84' title='bbox 867 2372 985 2430; x_wconf 86' lang='lat' dir='ltr'><strong>videtur</strong></span> <span class='ocrx_word' id='word_1_85' title='bbox 1003 2374 1104 2430; x_wconf 84' lang='lat' dir='ltr'><strong>herae.</strong></span> 
     </span>
    </p>

    <p class='ocr_par' dir='ltr' id='par_1_8' title="bbox 339 2455 1224 2618">
     <span class='ocr_line' id='line_1_23' title="bbox 339 2455 1224 2533; baseline 0.002 -19"><span class='ocrx_word' id='word_1_86' title='bbox 339 2455 482 2530; x_wconf 87' lang='lat' dir='ltr'><strong>Denique</strong></span> <span class='ocrx_word' id='word_1_87' title='bbox 502 2455 701 2531; x_wconf 90' lang='lat' dir='ltr'><strong>quodcunque</strong></span> <span class='ocrx_word' id='word_1_88' title='bbox 723 2464 787 2527; x_wconf 84' lang='lat' dir='ltr'><strong>est3</strong></span> <span class='ocrx_word' id='word_1_89' title='bbox 812 2457 918 2533; x_wconf 85' lang='lat' dir='ltr'><strong>genius</strong></span> <span class='ocrx_word' id='word_1_90' title='bbox 941 2458 1129 2516; x_wconf 84' lang='lat' dir='ltr'><strong>certissimus</strong></span> <span class='ocrx_word' id='word_1_91' title='bbox 1150 2458 1224 2516; x_wconf 83' lang='lat' dir='ltr'><strong>artis</strong></span> 
     </span>
     <span class='ocr_line' id='line_1_24' title="bbox 385 2541 1096 2618; baseline 0.004 -20"><span class='ocrx_word' id='word_1_92' title='bbox 385 2541 599 2599; x_wconf 87' lang='lat' dir='ltr'><strong>Transformat</strong></span> <span class='ocrx_word' id='word_1_93' title='bbox 622 2559 731 2600; x_wconf 90' lang='lat' dir='ltr'><strong>seusus</strong></span> <span class='ocrx_word' id='word_1_94' title='bbox 754 2542 788 2599; x_wconf 94' lang='lat' dir='ltr'><strong>in</strong></span> <span class='ocrx_word' id='word_1_95' title='bbox 812 2560 867 2600; x_wconf 82' lang='lat' dir='ltr'><strong>suu</strong></span> <span class='ocrx_word' id='word_1_96' title='bbox 890 2542 978 2618; x_wconf 86' lang='lat' dir='ltr'><strong>signa</strong></span> <span class='ocrx_word' id='word_1_97' title='bbox 999 2561 1096 2601; x_wconf 85' lang='lat' dir='ltr'><strong>meos.</strong></span> 
     </span>
    </p>

    <p class='ocr_par' dir='ltr' id='par_1_9' title="bbox 340 2626 1212 2788">
     <span class='ocr_line' id='line_1_25' title="bbox 340 2626 1212 2702; baseline -0.001 -16"><span class='ocrx_word' id='word_1_98' title='bbox 340 2626 474 2699; x_wconf 86' lang='lat' dir='ltr'><strong>Miraris,</strong></span> <span class='ocrx_word' id='word_1_99' title='bbox 496 2626 523 2684; x_wconf 91' lang='lat' dir='ltr'><strong>si</strong></span> <span class='ocrx_word' id='word_1_100' title='bbox 544 2626 665 2700; x_wconf 89' lang='lat' dir='ltr'><strong>quando</strong></span> <span class='ocrx_word' id='word_1_101' title='bbox 686 2627 759 2684; x_wconf 93' lang='lat' dir='ltr'><strong>mihi</strong></span> <span class='ocrx_word' id='word_1_102' title='bbox 781 2627 905 2685; x_wconf 86' lang='lat' dir='ltr'><strong>domina</strong></span> <span class='ocrx_word' id='word_1_103' title='bbox 929 2627 1057 2702; x_wconf 88' lang='lat' dir='ltr'><strong>imperat</strong></span> <span class='ocrx_word' id='word_1_104' title='bbox 1079 2627 1212 2687; x_wconf 79' lang='lat' dir='ltr'><strong>absens?</strong></span> 
     </span>
     <span class='ocr_line' id='line_1_26' title="bbox 383 2711 1069 2788; baseline 0.003 -20"><span class='ocrx_word' id='word_1_105' title='bbox 383 2711 520 2788; x_wconf 89' lang='lat' dir='ltr'><strong>Imperat</strong></span> <span class='ocrx_word' id='word_1_106' title='bbox 538 2713 613 2769; x_wconf 89' lang='lat' dir='ltr'><strong>haec</strong></span> <span class='ocrx_word' id='word_1_107' title='bbox 635 2712 726 2769; x_wconf 88' lang='lat' dir='ltr'><strong>etiam</strong></span> <span class='ocrx_word' id='word_1_108' title='bbox 748 2720 832 2770; x_wconf 84' lang='lat' dir='ltr'><strong>muta</strong></span> <span class='ocrx_word' id='word_1_109' title='bbox 851 2712 965 2770; x_wconf 86' lang='lat' dir='ltr'><strong>tabella</strong></span> <span class='ocrx_word' id='word_1_110' title='bbox 986 2713 1069 2771; x_wconf 89' lang='lat' dir='ltr'><strong>mihi.</strong></span> 
     </span>
    </p>
   </div>
   <div class='ocr_carea' id='block_1_6' title="bbox 338 2881 1239 3806">
    <p class='ocr_par' dir='ltr' id='par_1_10' title="bbox 572 2881 1081 2942">
     <span class='ocr_line' id='line_1_27' title="bbox 572 2881 1081 2942; baseline -0.006 -1"><span class='ocrx_word' id='word_1_111' title='bbox 572 2882 601 2941; x_wconf 76' lang='lat' dir='ltr'><strong>b.</strong></span> <span class='ocrx_word' id='word_1_112' title='bbox 643 2882 696 2941; x_wconf 77' lang='lat' dir='ltr'><strong>Eu</strong></span> <span class='ocrx_word' id='word_1_113' title='bbox 714 2883 820 2939; x_wconf 82' lang='lat' dir='ltr'><strong>Italico</strong></span> <span class='ocrx_word' id='word_1_114' title='bbox 842 2881 1027 2942; x_wconf 72' lang='lat' dir='ltr'><strong>Petrurcltae.</strong></span> <span class='ocrx_word' id='word_1_115' title='bbox 1078 2923 1081 2932; x_wconf 60' lang='grc'>,</span> 
     </span>
    </p>

    <p class='ocr_par' dir='ltr' id='par_1_11' title="bbox 340 2964 1120 3124">
     <span class='ocr_line' id='line_1_28' title="bbox 340 2964 1120 3044; baseline -0.001 -20"><span class='ocrx_word' id='word_1_116' title='bbox 340 2966 411 3024; x_wconf 88' lang='lat' dir='ltr'><strong>Lux</strong></span> <span class='ocrx_word' id='word_1_117' title='bbox 432 2964 537 3023; x_wconf 85' lang='lat' dir='ltr'><strong>aderat</strong></span> <span class='ocrx_word' id='word_1_118' title='bbox 558 2985 618 3042; x_wconf 90' lang='lat' dir='ltr'><strong>qua</strong></span> <span class='ocrx_word' id='word_1_119' title='bbox 640 2964 695 3026; x_wconf 87' lang='lat' dir='ltr'><strong>sol</strong></span> <span class='ocrx_word' id='word_1_120' title='bbox 716 2966 871 3044; x_wconf 79' lang='lat' dir='ltr'><strong>ferrugine</strong></span> <span class='ocrx_word' id='word_1_121' title='bbox 892 2967 1032 3025; x_wconf 84' lang='lat' dir='ltr'><strong>conditus</strong></span> <span class='ocrx_word' id='word_1_122' title='bbox 1054 2974 1120 3025; x_wconf 87' lang='lat' dir='ltr'><strong>atra</strong></span> 
     </span>
     <span class='ocr_line' id='line_1_29' title="bbox 384 3049 1083 3124; baseline 0 -16"><span class='ocrx_word' id='word_1_123' title='bbox 384 3049 530 3109; x_wconf 77' lang='lat' dir='ltr'><strong>Testatus</strong></span> <span class='ocrx_word' id='word_1_124' title='bbox 550 3051 678 3111; x_wconf 87' lang='lat' dir='ltr'><strong>Domini</strong></span> <span class='ocrx_word' id='word_1_125' title='bbox 698 3060 745 3110; x_wconf 90' lang='lat' dir='ltr'><strong>est</strong></span> <span class='ocrx_word' id='word_1_126' title='bbox 764 3051 873 3109; x_wconf 87' lang='lat' dir='ltr'><strong>funera</strong></span> <span class='ocrx_word' id='word_1_127' title='bbox 894 3053 1005 3122; x_wconf 78' lang='lat' dir='ltr'><strong>acerba</strong></span> <span class='ocrx_word' id='word_1_128' title='bbox 1024 3052 1083 3124; x_wconf 88' lang='lat' dir='ltr'><strong>sui,</strong></span> 
     </span>
    </p>

    <p class='ocr_par' dir='ltr' id='par_1_12' title="bbox 341 3134 1239 3297">
     <span class='ocr_line' id='line_1_30' title="bbox 341 3134 1239 3213; baseline 0.001 -21"><span class='ocrx_word' id='word_1_129' title='bbox 341 3134 412 3211; x_wconf 81' lang='lat' dir='ltr'><strong>Qua</strong></span> <span class='ocrx_word' id='word_1_130' title='bbox 433 3136 525 3213; x_wconf 88' lang='lat' dir='ltr'><strong>perii:</strong></span> <span class='ocrx_word' id='word_1_131' title='bbox 548 3157 647 3213; x_wconf 88' lang='lat' dir='ltr'><strong>neque</strong></span> <span class='ocrx_word' id='word_1_132' title='bbox 668 3137 725 3195; x_wconf 93' lang='lat' dir='ltr'><strong>sub</strong></span> <span class='ocrx_word' id='word_1_133' title='bbox 748 3154 853 3196; x_wconf 85' lang='lat' dir='ltr'><strong>casses</strong></span> <span class='ocrx_word' id='word_1_134' title='bbox 876 3136 1025 3213; x_wconf 86' lang='lat' dir='ltr'><strong>dilapsus,</strong></span> <span class='ocrx_word' id='word_1_135' title='bbox 1047 3136 1148 3207; x_wconf 86' lang='lat' dir='ltr'><strong>Aella,</strong></span> <span class='ocrx_word' id='word_1_136' title='bbox 1233 3142 1239 3152; x_wconf 78' lang='grc'><em>“</em></span> 
     </span>
     <span class='ocr_line' id='line_1_31' title="bbox 384 3212 1029 3297; baseline 0 -17"><span class='ocrx_word' id='word_1_137' title='bbox 384 3218 487 3293; x_wconf 81' lang='lat' dir='ltr'><strong>Sensi,</strong></span> <span class='ocrx_word' id='word_1_138' title='bbox 507 3212 673 3281; x_wconf 83' lang='lat' dir='ltr'><strong>luminibus</strong></span> <span class='ocrx_word' id='word_1_139' title='bbox 695 3229 813 3297; x_wconf 84' lang='lat' dir='ltr'><strong>captus,</strong></span> <span class='ocrx_word' id='word_1_140' title='bbox 833 3221 933 3293; x_wconf 82' lang='lat' dir='ltr'><strong>Aella,</strong></span> <span class='ocrx_word' id='word_1_141' title='bbox 959 3222 1029 3280; x_wconf 85' lang='lat' dir='ltr'><strong>tuis.</strong></span> 
     </span>
    </p>

    <p class='ocr_par' dir='ltr' id='par_1_13' title="bbox 338 3303 1102 3378">
     <span class='ocr_line' id='line_1_32' title="bbox 338 3303 1102 3378; baseline 0 -16"><span class='ocrx_word' id='word_1_142' title='bbox 338 3303 408 3363; x_wconf 88' lang='lat' dir='ltr'><strong>Nec</strong></span> <span class='ocrx_word' id='word_1_143' title='bbox 430 3314 561 3364; x_wconf 89' lang='lat' dir='ltr'><strong>mentem</strong></span> <span class='ocrx_word' id='word_1_144' title='bbox 587 3307 684 3365; x_wconf 87' lang='lat' dir='ltr'><strong>adieci</strong></span> <span class='ocrx_word' id='word_1_145' title='bbox 707 3306 801 3378; x_wconf 91' lang='lat' dir='ltr'><strong>bello,</strong></span> <span class='ocrx_word' id='word_1_146' title='bbox 824 3325 949 3366; x_wconf 88' lang='lat' dir='ltr'><strong>securus</strong></span> <span class='ocrx_word' id='word_1_147' title='bbox 972 3307 1102 3364; x_wconf 86' lang='lat' dir='ltr'><strong>abibam.</strong></span> 
     </span>
    </p>

    <p class='ocr_par' dir='ltr' id='par_1_14' title="bbox 352 3389 1023 3467">
     <span class='ocr_line' id='line_1_33' title="bbox 352 3389 1023 3467; baseline 0.003 -21"><span class='ocrx_word' id='word_1_148' title='bbox 352 3390 355 3395; x_wconf 54' lang='lat'><strong>⁴</strong></span> <span class='ocrx_word' id='word_1_149' title='bbox 381 3389 441 3447; x_wconf 87' lang='lat' dir='ltr'><strong>Illa</strong></span> <span class='ocrx_word' id='word_1_150' title='bbox 462 3391 610 3450; x_wconf 85' lang='lat' dir='ltr'><strong>elementa</strong></span> <span class='ocrx_word' id='word_1_151' title='bbox 634 3391 694 3450; x_wconf 93' lang='lat' dir='ltr'><strong>mei</strong></span> <span class='ocrx_word' id='word_1_152' title='bbox 715 3392 814 3467; x_wconf 83' lang='lat' dir='ltr'><strong>prima</strong></span> <span class='ocrx_word' id='word_1_153' title='bbox 833 3392 918 3450; x_wconf 85' lang='lat' dir='ltr'><strong>fuere</strong></span> <span class='ocrx_word' id='word_1_154' title='bbox 941 3391 1023 3448; x_wconf 81' lang='lat' dir='ltr'><strong>muli.</strong></span> 
     </span>
    </p>

    <p class='ocr_par' dir='ltr' id='par_1_15' title="bbox 339 3474 1151 3638">
     <span class='ocr_line' id='line_1_34' title="bbox 339 3474 1151 3553; baseline 0 -19"><span class='ocrx_word' id='word_1_155' title='bbox 339 3474 417 3534; x_wconf 80' lang='lat' dir='ltr'><strong>cnm</strong></span> <span class='ocrx_word' id='word_1_156' title='bbox 439 3475 514 3535; x_wconf 90' lang='lat' dir='ltr'><strong>mihi</strong></span> <span class='ocrx_word' id='word_1_157' title='bbox 535 3479 663 3553; x_wconf 85' lang='lat' dir='ltr'><strong>pacifico</strong></span> <span class='ocrx_word' id='word_1_158' title='bbox 688 3477 887 3536; x_wconf 86' lang='lat' dir='ltr'><strong>saevissimus</strong></span> <span class='ocrx_word' id='word_1_159' title='bbox 910 3477 1020 3548; x_wconf 84' lang='lat' dir='ltr'><strong>hostis,</strong></span> <span class='ocrx_word' id='word_1_160' title='bbox 1042 3475 1151 3534; x_wconf 87' lang='lat' dir='ltr'><strong>inermi</strong></span> 
     </span>
     <span class='ocr_line' id='line_1_35' title="bbox 382 3561 1065 3638; baseline 0.003 -20"><span class='ocrx_word' id='word_1_161' title='bbox 382 3561 533 3638; x_wconf 80' lang='lat' dir='ltr'><strong>Armiger,</strong></span> <span class='ocrx_word' id='word_1_162' title='bbox 556 3562 671 3621; x_wconf 87' lang='lat' dir='ltr'><strong>imbelli</strong></span> <span class='ocrx_word' id='word_1_163' title='bbox 693 3561 820 3620; x_wconf 89' lang='lat' dir='ltr'><strong>bellicus</strong></span> <span class='ocrx_word' id='word_1_164' title='bbox 839 3562 933 3620; x_wconf 86' lang='lat' dir='ltr'><strong>instat</strong></span> <span class='ocrx_word' id='word_1_165' title='bbox 954 3564 1065 3632; x_wconf 81' lang='lat' dir='ltr'><strong>Amor3</strong></span> 
     </span>
    </p>

    <p class='ocr_par' dir='ltr' id='par_1_16' title="bbox 338 3644 1185 3806">
     <span class='ocr_line' id='line_1_36' title="bbox 338 3644 1185 3723; baseline 0.004 -21"><span class='ocrx_word' id='word_1_166' title='bbox 338 3644 459 3721; x_wconf 90' lang='lat' dir='ltr'><strong>Perque</strong></span> <span class='ocrx_word' id='word_1_167' title='bbox 480 3647 581 3707; x_wconf 91' lang='lat' dir='ltr'><strong>oculos</strong></span> <span class='ocrx_word' id='word_1_168' title='bbox 604 3647 688 3706; x_wconf 87' lang='lat' dir='ltr'><strong>cordi</strong></span> <span class='ocrx_word' id='word_1_169' title='bbox 707 3646 843 3723; x_wconf 85' lang='lat' dir='ltr'><strong>insinuat</strong></span> <span class='ocrx_word' id='word_1_170' title='bbox 865 3655 1022 3723; x_wconf 77' lang='lat' dir='ltr'><strong>grassator</strong></span> <span class='ocrx_word' id='word_1_171' title='bbox 1047 3653 1185 3722; x_wconf 81' lang='lat' dir='ltr'><strong>apertos3</strong></span> 
     </span>
     <span class='ocr_line' id='line_1_37' title="bbox 384 3729 1116 3806; baseline 0 -18"><span class='ocrx_word' id='word_1_172' title='bbox 384 3729 444 3806; x_wconf 82' lang='lat' dir='ltr'><strong>Qui</strong></span> <span class='ocrx_word' id='word_1_173' title='bbox 468 3732 554 3790; x_wconf 90' lang='lat' dir='ltr'><strong>modo</strong></span> <span class='ocrx_word' id='word_1_174' title='bbox 577 3740 647 3793; x_wconf 86' lang='lat' dir='ltr'><strong>sunt</strong></span> <span class='ocrx_word' id='word_1_175' title='bbox 668 3731 801 3790; x_wconf 88' lang='lat' dir='ltr'><strong>lacrimis</strong></span> <span class='ocrx_word' id='word_1_176' title='bbox 823 3731 916 3791; x_wconf 88' lang='lat' dir='ltr'><strong>ianua</strong></span> <span class='ocrx_word' id='word_1_177' title='bbox 938 3733 1010 3791; x_wconf 83' lang='lat' dir='ltr'><strong>trita</strong></span> <span class='ocrx_word' id='word_1_178' title='bbox 1030 3732 1116 3790; x_wconf 87' lang='lat' dir='ltr'><strong>meis.</strong></span> 
     </span>
    </p>
   </div>
   <div class='ocr_carea' id='block_1_7' title="bbox 0 0 1534 4492">
    <p class='ocr_par' dir='ltr' id='par_1_17' title="bbox 0 0 1534 4492">
     <span class='ocr_line' id='line_1_38' title="bbox 0 0 1534 4492; baseline 0 1"><span class='ocrx_word' id='word_1_179' title='bbox 0 0 1534 4492; x_wconf 95' lang='lat' dir='ltr'><strong> </strong></span> 
     </span>
    </p>
   </div>
  </div>
 </body>
</html>
