3059 4492
771 482 833 542 344

281 655 333 708 470
349 650 449 724 Quam
469 669 526 728 pro
548 650 829 726 frequenticivinm
848 649 971 710 comitio

348 735 458 794 Ferale
476 735 584 813 glauco
604 734 763 811 prandium
785 736 883 795 suasit
905 736 975 794 cani

348 821 474 880 Misisse
491 820 616 897 linguar
634 820 784 896 virginum
803 821 891 878 trium
911 828 998 898 pater

350 905 479 966 Omnem
501 905 619 963 marino
643 913 754 962 terram
775 906 934 964 inundanti
953 906 1026 978 luto,

350 987 506 1065 Siquando
525 990 634 1061 fluctus
656 991 814 1066 expuisset
834 991 973 1050 faucibus

281 1076 332 1130 475
350 1073 486 1136 Sorbens
506 1073 648 1151 procellis
672 1093 761 1134 omne
784 1075 960 1134 decumanis
980 1075 1089 1150 solum,

348 1158 470 1237 Nepam
495 1159 550 1219 sed
569 1159 622 1217 ille
645 1160 732 1218 fauce
754 1181 811 1237 pro
833 1179 915 1237 pupa
936 1179 1061 1235 vorans,

348 1245 460 1304 Partus
484 1244 609 1322 maligni
631 1253 755 1320 questus
779 1254 828 1304 est
850 1264 927 1307 onus
947 1264 1049 1322 grave.

348 1331 481 1388 Venator
503 1330 609 1388 adiens
633 1338 664 1388 at
684 1331 835 1390 secundus
857 1331 989 1390 insulam

349 1414 393 1474 Ut
412 1415 553 1490 expedite
574 1416 715 1474 consulat
734 1417 824 1478 malis
847 1417 924 1488 sais,

281 1505 333 1559 480
349 1499 497 1578 Indigcna
522 1500 624 1559 socius
650 1502 739 1576 epulo
760 1502 866 1560 liberis
889 1502 991 1573 Vitae,

349 1584 465 1644 Priscis
484 1585 633 1661 Lupercis
655 1594 743 1660 atque
761 1585 901 1662 Nyctimi
919 1586 1025 1662 coquis

348 1668 467 1728 Lunam
492 1677 563 1728 ante
585 1671 675 1743 natis,
699 1671 793 1729 filiam
815 1671 935 1749 glandis
958 1671 1077 1746 dapem,
1185 1669 1188 1680 '

350 1754 479 1813 Torrere
502 1755 597 1813 suetis
620 1755 652 1814 in
673 1757 839 1816 calentibus
862 1756 953 1829 focis,

349 1839 549 1912 Eviscerabit,
573 1848 603 1898 et
623 1835 760 1900 medullit
748 1851 797 1900 tus
819 1843 918 1901 trahet

242 1965 252 1976 .
280 1928 331 1983 485
349 1925 468 2002 Ligone
489 1925 607 2002 glebas,
629 1945 717 1984 omne
736 1927 892 2006 vestigans
916 1943 1047 2001 specum

350 2009 443 2069 (luins
469 2010 589 2069 necavit
609 2013 763 2071 bronchus'
786 2013 920 2072 Oetaeus
941 2017 1071 2087 patrem,

252 2131 255 2136 ·
348 2095 397 2154 Ad
417 2096 581 2154 verticillas
603 2096 653 2155 ilis
677 2105 725 2154 art
726 2117 761 2156 us
713 2097 953 2155 tlancinans.

348 2179 537 2257 Adagionem
562 2182 643 2239 hunc
665 2183 763 2240 sensit
785 2190 910 2259 accepto
931 2179 1063 2250 malo,

349 2264 441 2340 Quod
462 2265 593 2342 plurima
614 2267 692 2326 inter
711 2267 854 2344 poculum
875 2274 905 2324 et
925 2265 1044 2322 labrum
1066 2263 1148 2322 solet

280 2353 331 2409 400
348 2349 487 2408 vertisse
505 2351 599 2410 fatum
618 2371 668 2412 res
689 2371 783 2431 agens
804 2349 984 2410 mortalium.

347 2434 387 2492 Et
407 2435 476 2492 tabe
497 2454 624 2495 manans
648 2456 703 2496 ora
723 2438 887 2515 spumanti,
911 2419 1052 2493 occidens

348 2518 531 2580 Solocisetus
552 2521 759 2580 imminentem
780 2522 945 2593 ulciscitur,

348 2603 424 2664 Salii
445 2623 589 2664 coercens
610 2608 704 2666 incito
731 2616 812 2666 statu
834 2608 941 2666 volam.
1008 2658 1009 2663 ,

347 2691 389 2747 At
408 2690 513 2748 tertius
538 2691 675 2752 tollentis
699 2711 737 2750 ex
760 2711 836 2750 cava
857 2700 944 2769 petra

278 2777 330 2832 495
347 2772 447 2832 Natus
468 2777 594 2834 neronis
617 2797 711 2850 arma,
735 2779 820 2836 cuins
838 2778 869 2835 in
890 2785 989 2836 torum

345 2857 421 2916 Idea
442 2859 529 2918 iunix
552 2870 659 2939 sponte
685 2863 871 2922 conscendet
892 2881 957 2936 sua,

346 2942 431 3017 Quae
450 2945 519 3003 viva
539 2948 655 3006 Averni
678 2948 775 3006 obibit
796 2949 930 3020 umbras,
953 2945 1122 3022 questubus

345 3030 386 3087 Et
410 3028 553 3090 lacrumis
574 3033 714 3092 confecta
733 3033 842 3090 Muniti
863 3051 987 3108 parens,

346 3112 443 3187 Quem
466 3123 542 3174 torta
561 3115 730 3178 Orestonae
750 3118 859 3195 anguis
882 3117 914 3174 in
936 3115 1096 3176 venatibus

277 3201 328 3254 500
345 3197 487 3274 Necabit,
510 3220 609 3260 acrem
631 3203 951 3280 cuspidem-infligens
972 3200 1080 3278 pedae,

344 3283 406 3344 Ubi
426 3286 561 3360 parentis
580 3288 742 3346 collocabit
762 3288 794 3344 in
816 3305 924 3346 manus

345 3367 475 3446 Captiva
496 3372 592 3448 patris
617 3373 686 3431 avia
704 3372 816 3430 furtivo
839 3380 937 3430 satum

344 3456 458 3513 Amore
478 3455 605 3532 pullum,
631 3458 679 3516 cui
700 3458 805 3534 iugum
828 3457 915 3516 solae
937 3457 1089 3517 hosticum

344 3539 449 3598 lecere
474 3543 627 3603 servitutis
648 3543 758 3603 Actaei
778 3542 843 3619 lupi

275 3627 329 3684 505
346 3623 518 3700 Hostimen,
541 3636 631 3704 atque
651 3629 793 3688 Bacchae
812 3625 951 3686 ademtam
967 3626 1108 3706 gratiam,

346 3710 481 3788 Quorum
503 3715 653 3774 rotundae
672 3715 804 3775 testulae
825 3733 935 3774 caesus
955 3712 1066 3788 tholus,
