<?xml version="1.0" encoding="UTF-8"?>
<!DOCTYPE html PUBLIC "-//W3C//DTD XHTML 1.0 Transitional//EN"
    "http://www.w3.org/TR/xhtml1/DTD/xhtml1-transitional.dtd">
<html xmlns="http://www.w3.org/1999/xhtml" xml:lang="en" lang="en">
 <head>
  <title>
</title>
<meta http-equiv="Content-Type" content="text/html;charset=utf-8" />
  <meta name='ocr-system' content='tesseract 3.04.00' />
  <meta name='ocr-capabilities' content='ocr_page ocr_carea ocr_par ocr_line ocrx_word'/>
</head>
<body>
  <div class='ocr_page' id='page_1' title='image "./poemataomnia01scalgoog_0358.png"; bbox 0 0 3059 4492; ppageno 0'>
   <div class='ocr_carea' id='block_1_1' title="bbox 722 463 873 556">
    <p class='ocr_par' dir='ltr' id='par_1_1' title="bbox 722 463 873 556">
     <span class='ocr_line' id='line_1_1' title="bbox 722 463 873 556; baseline 0 -34"><span class='ocrx_word' id='word_1_1' title='bbox 722 463 873 556; x_wconf 48' lang='lat' dir='ltr'><strong>Lam</strong></span> 
     </span>
    </p>
   </div>
   <div class='ocr_carea' id='block_1_2' title="bbox 273 630 1182 3771">
    <p class='ocr_par' dir='ltr' id='par_1_2' title="bbox 273 630 1182 3771">
     <span class='ocr_line' id='line_1_2' title="bbox 341 630 1070 703; baseline -0.001 -14"><span class='ocrx_word' id='word_1_2' title='bbox 341 632 377 689; x_wconf 92' lang='lat' dir='ltr'><strong>In</strong></span> <span class='ocrx_word' id='word_1_3' title='bbox 399 631 494 689; x_wconf 84' lang='lat' dir='ltr'><strong>risum</strong></span> <span class='ocrx_word' id='word_1_4' title='bbox 517 649 622 690; x_wconf 89' lang='lat' dir='ltr'><strong>eorum</strong></span> <span class='ocrx_word' id='word_1_5' title='bbox 640 630 794 688; x_wconf 81' lang='lat' dir='ltr'><strong>transtulit</strong></span> <span class='ocrx_word' id='word_1_6' title='bbox 812 632 969 703; x_wconf 89' lang='lat' dir='ltr'><strong>coloniam,</strong></span> <span class='ocrx_word' id='word_1_7' title='bbox 996 674 997 677; x_wconf 63' lang='lat'><strong>,</strong></span> <span class='ocrx_word' id='word_1_8' title='bbox 1066 677 1070 688; x_wconf 85' lang='grc'><em>,</em></span> 
     </span>
     <span class='ocr_line' id='line_1_3' title="bbox 343 714 976 792; baseline 0.002 -19"><span class='ocrx_word' id='word_1_9' title='bbox 343 715 403 790; x_wconf 80' lang='lat' dir='ltr'><strong>Qui</strong></span> <span class='ocrx_word' id='word_1_10' title='bbox 423 716 571 792; x_wconf 91' lang='lat' dir='ltr'><strong>praelium</strong></span> <span class='ocrx_word' id='word_1_11' title='bbox 594 735 711 774; x_wconf 90' lang='lat' dir='ltr'><strong>movere</strong></span> <span class='ocrx_word' id='word_1_12' title='bbox 735 714 867 791; x_wconf 86' lang='lat' dir='ltr'><strong>Saturno</strong></span> <span class='ocrx_word' id='word_1_13' title='bbox 891 717 976 774; x_wconf 86' lang='lat' dir='ltr'><strong>satis.</strong></span> 
     </span>
     <span class='ocr_line' id='line_1_4' title="bbox 341 800 1008 878; baseline 0.001 -19"><span class='ocrx_word' id='word_1_14' title='bbox 341 800 411 859; x_wconf 89' lang='lat' dir='ltr'><strong>Baii</strong></span> <span class='ocrx_word' id='word_1_15' title='bbox 430 801 566 878; x_wconf 79' lang='lat' dir='ltr'><strong>magistri</strong></span> <span class='ocrx_word' id='word_1_16' title='bbox 587 801 747 878; x_wconf 88' lang='lat' dir='ltr'><strong>postmodo</strong></span> <span class='ocrx_word' id='word_1_17' title='bbox 766 802 897 873; x_wconf 91' lang='lat' dir='ltr'><strong>bustum,</strong></span> <span class='ocrx_word' id='word_1_18' title='bbox 919 820 1008 860; x_wconf 87' lang='lat' dir='ltr'><strong>casas</strong></span> 
     </span>
     <span class='ocr_line' id='line_1_5' title="bbox 273 884 1068 962; baseline 0 -18"><span class='ocrx_word' id='word_1_19' title='bbox 273 884 325 938; x_wconf 81' lang='grc'><strong>695</strong></span> <span class='ocrx_word' id='word_1_20' title='bbox 342 885 418 944; x_wconf 85' lang='lat' dir='ltr'><strong>Post</strong></span> <span class='ocrx_word' id='word_1_21' title='bbox 438 886 615 962; x_wconf 85' lang='lat' dir='ltr'><strong>praeteribit</strong></span> <span class='ocrx_word' id='word_1_22' title='bbox 636 884 826 957; x_wconf 91' lang='lat' dir='ltr'><strong>Cimmerum‚</strong></span> <span class='ocrx_word' id='word_1_23' title='bbox 847 894 877 943; x_wconf 90' lang='lat' dir='ltr'><strong>et</strong></span> <span class='ocrx_word' id='word_1_24' title='bbox 895 885 1068 945; x_wconf 91' lang='lat' dir='ltr'><strong>Plutonium</strong></span> 
     </span>
     <span class='ocr_line' id='line_1_6' title="bbox 341 971 1010 1048; baseline -0.001 -18"><span class='ocrx_word' id='word_1_25' title='bbox 341 974 449 1046; x_wconf 82' lang='lat' dir='ltr'><strong>Aquae</strong></span> <span class='ocrx_word' id='word_1_26' title='bbox 471 971 614 1046; x_wconf 88' lang='lat' dir='ltr'><strong>procellis</strong></span> <span class='ocrx_word' id='word_1_27' title='bbox 636 972 829 1028; x_wconf 91' lang='lat' dir='ltr'><strong>fluctuantem</strong></span> <span class='ocrx_word' id='word_1_28' title='bbox 850 971 1010 1048; x_wconf 83' lang='lat' dir='ltr'><strong>gurgitem,</strong></span> 
     </span>
     <span class='ocr_line' id='line_1_7' title="bbox 343 1055 907 1131; baseline 0 -16"><span class='ocrx_word' id='word_1_29' title='bbox 343 1056 457 1128; x_wconf 89' lang='lat' dir='ltr'><strong>Ossan,</strong></span> <span class='ocrx_word' id='word_1_30' title='bbox 481 1057 631 1131; x_wconf 88' lang='lat' dir='ltr'><strong>boumque</strong></span> <span class='ocrx_word' id='word_1_31' title='bbox 653 1055 762 1112; x_wconf 86' lang='lat' dir='ltr'><strong>Viriati</strong></span> <span class='ocrx_word' id='word_1_32' title='bbox 784 1057 907 1115; x_wconf 82' lang='lat' dir='ltr'><strong>semitas</strong></span> 
     </span>
     <span class='ocr_line' id='line_1_8' title="bbox 343 1139 1081 1217; baseline -0.003 -15"><span class='ocrx_word' id='word_1_33' title='bbox 343 1139 472 1214; x_wconf 75' lang='lat' dir='ltr'><strong>Stratus,</strong></span> <span class='ocrx_word' id='word_1_34' title='bbox 494 1159 661 1217; x_wconf 84' lang='lat' dir='ltr'><strong>nemusque</strong></span> <span class='ocrx_word' id='word_1_35' title='bbox 681 1140 811 1198; x_wconf 79' lang='lat' dir='ltr'><strong>Liberae</strong></span> <span class='ocrx_word' id='word_1_36' title='bbox 834 1160 931 1217; x_wconf 87' lang='lat' dir='ltr'><strong>pusae</strong></span> <span class='ocrx_word' id='word_1_37' title='bbox 952 1141 1081 1215; x_wconf 85' lang='lat' dir='ltr'><strong>inferae,</strong></span> 
     </span>
     <span class='ocr_line' id='line_1_9' title="bbox 343 1224 1182 1303; baseline -0.001 -18"><span class='ocrx_word' id='word_1_38' title='bbox 343 1224 543 1301; x_wconf 75' lang='lat' dir='ltr'><strong>(landensque</strong></span> <span class='ocrx_word' id='word_1_39' title='bbox 565 1227 721 1302; x_wconf 85' lang='lat' dir='ltr'><strong>flam[m]is</strong></span> <span class='ocrx_word' id='word_1_40' title='bbox 742 1227 864 1303; x_wconf 85' lang='lat' dir='ltr'><strong>fiumen,</strong></span> <span class='ocrx_word' id='word_1_41' title='bbox 884 1234 974 1300; x_wconf 88' lang='lat' dir='ltr'><strong>atque</strong></span> <span class='ocrx_word' id='word_1_42' title='bbox 993 1228 1046 1286; x_wconf 90' lang='lat' dir='ltr'><strong>uhi</strong></span> <span class='ocrx_word' id='word_1_43' title='bbox 1064 1228 1182 1286; x_wconf 83' lang='lat' dir='ltr'><strong>aetheri</strong></span> 
     </span>
     <span class='ocr_line' id='line_1_10' title="bbox 274 1311 997 1388; baseline 0.006 -24"><span class='ocrx_word' id='word_1_44' title='bbox 274 1312 325 1365; x_wconf 96' lang='grc'><strong>700</strong></span> <span class='ocrx_word' id='word_1_45' title='bbox 343 1311 439 1369; x_wconf 89' lang='lat' dir='ltr'><strong>Tollit</strong></span> <span class='ocrx_word' id='word_1_46' title='bbox 463 1329 606 1369; x_wconf 82' lang='lat' dir='ltr'><strong>cacumen</strong></span> <span class='ocrx_word' id='word_1_47' title='bbox 625 1312 727 1388; x_wconf 90' lang='lat' dir='ltr'><strong>ampla</strong></span> <span class='ocrx_word' id='word_1_48' title='bbox 747 1330 899 1388; x_wconf 89' lang='lat' dir='ltr'><strong>procapes</strong></span> <span class='ocrx_word' id='word_1_49' title='bbox 924 1312 997 1388; x_wconf 90' lang='lat' dir='ltr'><strong>iugi,</strong></span> 
     </span>
     <span class='ocr_line' id='line_1_11' title="bbox 341 1395 1025 1470; baseline 0 -16"><span class='ocrx_word' id='word_1_50' title='bbox 341 1396 390 1454; x_wconf 83' lang='lat' dir='ltr'><strong>Ex</strong></span> <span class='ocrx_word' id='word_1_51' title='bbox 411 1415 470 1470; x_wconf 91' lang='lat' dir='ltr'><strong>quo</strong></span> <span class='ocrx_word' id='word_1_52' title='bbox 493 1396 606 1455; x_wconf 90' lang='lat' dir='ltr'><strong>fluenta</strong></span> <span class='ocrx_word' id='word_1_53' title='bbox 628 1404 745 1468; x_wconf 91' lang='lat' dir='ltr'><strong>cuneta,</strong></span> <span class='ocrx_word' id='word_1_54' title='bbox 769 1396 869 1454; x_wconf 91' lang='lat' dir='ltr'><strong>cuncti</strong></span> <span class='ocrx_word' id='word_1_55' title='bbox 890 1395 1025 1454; x_wconf 87' lang='lat' dir='ltr'><strong>funditus</strong></span> 
     </span>
     <span class='ocr_line' id='line_1_12' title="bbox 341 1480 943 1558; baseline 0 -20"><span class='ocrx_word' id='word_1_56' title='bbox 341 1480 456 1538; x_wconf 84' lang='lat' dir='ltr'><strong>Fontes</strong></span> <span class='ocrx_word' id='word_1_57' title='bbox 479 1500 533 1555; x_wconf 88' lang='lat' dir='ltr'><strong>per</strong></span> <span class='ocrx_word' id='word_1_58' title='bbox 551 1501 623 1539; x_wconf 84' lang='lat' dir='ltr'><strong>arva</strong></span> <span class='ocrx_word' id='word_1_59' title='bbox 645 1482 832 1558; x_wconf 90' lang='lat' dir='ltr'><strong>dissipantur</strong></span> <span class='ocrx_word' id='word_1_60' title='bbox 851 1481 943 1538; x_wconf 84' lang='lat' dir='ltr'><strong>Itala:</strong></span> 
     </span>
     <span class='ocr_line' id='line_1_13' title="bbox 342 1565 1017 1644; baseline -0.001 -21"><span class='ocrx_word' id='word_1_61' title='bbox 342 1565 560 1644; x_wconf 87' lang='lat' dir='ltr'><strong>Linquensque</strong></span> <span class='ocrx_word' id='word_1_62' title='bbox 582 1567 768 1624; x_wconf 88' lang='lat' dir='ltr'><strong>Lethaeonis</strong></span> <span class='ocrx_word' id='word_1_63' title='bbox 791 1566 853 1623; x_wconf 87' lang='lat' dir='ltr'><strong>alta</strong></span> <span class='ocrx_word' id='word_1_64' title='bbox 875 1565 1017 1637; x_wconf 91' lang='lat' dir='ltr'><strong>culmina,</strong></span> 
     </span>
     <span class='ocr_line' id='line_1_14' title="bbox 342 1650 1178 1727; baseline 0.005 -21"><span class='ocrx_word' id='word_1_65' title='bbox 342 1650 517 1725; x_wconf 90' lang='lat' dir='ltr'><strong>Lacumque</strong></span> <span class='ocrx_word' id='word_1_66' title='bbox 540 1654 702 1724; x_wconf 88' lang='lat' dir='ltr'><strong>Avernum,</strong></span> <span class='ocrx_word' id='word_1_67' title='bbox 727 1670 816 1727; x_wconf 89' lang='lat' dir='ltr'><strong>quem</strong></span> <span class='ocrx_word' id='word_1_68' title='bbox 837 1652 922 1709; x_wconf 90' lang='lat' dir='ltr'><strong>labro</strong></span> <span class='ocrx_word' id='word_1_69' title='bbox 945 1652 1040 1708; x_wconf 89' lang='lat' dir='ltr'><strong>ambit</strong></span> <span class='ocrx_word' id='word_1_70' title='bbox 1062 1651 1178 1723; x_wconf 77' lang='lat' dir='ltr'><strong>circite,</strong></span> 
     </span>
     <span class='ocr_line' id='line_1_15' title="bbox 274 1734 1003 1812; baseline 0.004 -22"><span class='ocrx_word' id='word_1_71' title='bbox 274 1739 325 1792; x_wconf 91' lang='grc'><strong>705</strong></span> <span class='ocrx_word' id='word_1_72' title='bbox 342 1734 382 1792; x_wconf 83' lang='lat' dir='ltr'><strong>Ilt</strong></span> <span class='ocrx_word' id='word_1_73' title='bbox 403 1735 512 1794; x_wconf 89' lang='lat' dir='ltr'><strong>flumen</strong></span> <span class='ocrx_word' id='word_1_74' title='bbox 534 1743 600 1792; x_wconf 89' lang='lat' dir='ltr'><strong>atra</strong></span> <span class='ocrx_word' id='word_1_75' title='bbox 621 1745 706 1794; x_wconf 90' lang='lat' dir='ltr'><strong>nocte</strong></span> <span class='ocrx_word' id='word_1_76' title='bbox 726 1735 832 1812; x_wconf 81' lang='lat' dir='ltr'><strong>Cocyti</strong></span> <span class='ocrx_word' id='word_1_77' title='bbox 855 1738 1003 1795; x_wconf 87' lang='lat' dir='ltr'><strong>obrutum.</strong></span> 
     </span>
     <span class='ocr_line' id='line_1_16' title="bbox 344 1817 1060 1898; baseline -0.001 -19"><span class='ocrx_word' id='word_1_78' title='bbox 344 1817 447 1896; x_wconf 82' lang='lat' dir='ltr'><strong>Stygis</strong></span> <span class='ocrx_word' id='word_1_79' title='bbox 466 1820 613 1898; x_wconf 86' lang='lat' dir='ltr'><strong>nigrantis</strong></span> <span class='ocrx_word' id='word_1_80' title='bbox 637 1821 794 1898; x_wconf 88' lang='lat' dir='ltr'><strong>gurgitem,</strong></span> <span class='ocrx_word' id='word_1_81' title='bbox 818 1840 878 1896; x_wconf 91' lang='lat' dir='ltr'><strong>qua</strong></span> <span class='ocrx_word' id='word_1_82' title='bbox 898 1820 1060 1879; x_wconf 83' lang='lat' dir='ltr'><strong>Terminus</strong></span> 
     </span>
     <span class='ocr_line' id='line_1_17' title="bbox 342 1903 953 1984; baseline 0.003 -22"><span class='ocrx_word' id='word_1_83' title='bbox 342 1903 475 1962; x_wconf 89' lang='lat' dir='ltr'><strong>Iuranda</strong></span> <span class='ocrx_word' id='word_1_84' title='bbox 498 1907 598 1980; x_wconf 90' lang='lat' dir='ltr'><strong>posuit</strong></span> <span class='ocrx_word' id='word_1_85' title='bbox 617 1907 683 1964; x_wconf 88' lang='lat' dir='ltr'><strong>iura</strong></span> <span class='ocrx_word' id='word_1_86' title='bbox 705 1907 855 1984; x_wconf 86' lang='lat' dir='ltr'><strong>supremis</strong></span> <span class='ocrx_word' id='word_1_87' title='bbox 877 1906 953 1979; x_wconf 87' lang='lat' dir='ltr'><strong>deis,</strong></span> 
     </span>
     <span class='ocr_line' id='line_1_18' title="bbox 342 1989 1029 2068; baseline 0.003 -22"><span class='ocrx_word' id='word_1_88' title='bbox 342 1990 392 2047; x_wconf 89' lang='lat' dir='ltr'><strong>Ire</strong></span> <span class='ocrx_word' id='word_1_89' title='bbox 412 1989 444 2047; x_wconf 91' lang='lat' dir='ltr'><strong>in</strong></span> <span class='ocrx_word' id='word_1_90' title='bbox 468 1989 614 2068; x_wconf 86' lang='lat' dir='ltr'><strong>Gigantes</strong></span> <span class='ocrx_word' id='word_1_91' title='bbox 638 1999 726 2066; x_wconf 90' lang='lat' dir='ltr'><strong>atque</strong></span> <span class='ocrx_word' id='word_1_92' title='bbox 749 1990 879 2049; x_wconf 84' lang='lat' dir='ltr'><strong>Titanos</strong></span> <span class='ocrx_word' id='word_1_93' title='bbox 901 2009 1029 2067; x_wconf 80' lang='lat' dir='ltr'><strong>paranst</strong></span> 
     </span>
     <span class='ocr_line' id='line_1_19' title="bbox 341 2075 1103 2152; baseline -0.001 -20"><span class='ocrx_word' id='word_1_94' title='bbox 341 2075 490 2133; x_wconf 89' lang='lat' dir='ltr'><strong>Libamen</strong></span> <span class='ocrx_word' id='word_1_95' title='bbox 513 2076 707 2152; x_wconf 89' lang='lat' dir='ltr'><strong>haustrisque</strong></span> <span class='ocrx_word' id='word_1_96' title='bbox 729 2077 830 2135; x_wconf 89' lang='lat' dir='ltr'><strong>aureis</strong></span> <span class='ocrx_word' id='word_1_97' title='bbox 851 2077 972 2137; x_wconf 89' lang='lat' dir='ltr'><strong>antlans</strong></span> <span class='ocrx_word' id='word_1_98' title='bbox 995 2094 1103 2149; x_wconf 90' lang='lat' dir='ltr'><strong>aquae,</strong></span> 
     </span>
     <span class='ocr_line' id='line_1_20' title="bbox 276 2159 896 2233; baseline -0.003 -13"><span class='ocrx_word' id='word_1_99' title='bbox 276 2168 327 2222; x_wconf 88' lang='lat'><strong>710</strong></span> <span class='ocrx_word' id='word_1_100' title='bbox 345 2159 444 2220; x_wconf 90' lang='lat' dir='ltr'><strong>Orcae</strong></span> <span class='ocrx_word' id='word_1_101' title='bbox 465 2161 577 2219; x_wconf 84' lang='lat' dir='ltr'><strong>dicabit</strong></span> <span class='ocrx_word' id='word_1_102' title='bbox 597 2167 627 2218; x_wconf 91' lang='lat' dir='ltr'><strong>et</strong></span> <span class='ocrx_word' id='word_1_103' title='bbox 647 2163 711 2220; x_wconf 85' lang='lat' dir='ltr'><strong>viro</strong></span> <span class='ocrx_word' id='word_1_104' title='bbox 731 2161 896 2233; x_wconf 86' lang='lat' dir='ltr'><strong>denarium,</strong></span> 
     </span>
     <span class='ocr_line' id='line_1_21' title="bbox 344 2243 1071 2323; baseline -0.004 -18"><span class='ocrx_word' id='word_1_105' title='bbox 344 2243 440 2305; x_wconf 82' lang='lat' dir='ltr'><strong>Silam</strong></span> <span class='ocrx_word' id='word_1_106' title='bbox 462 2245 621 2304; x_wconf 83' lang='lat' dir='ltr'><strong>columnae</strong></span> <span class='ocrx_word' id='word_1_107' title='bbox 643 2246 747 2305; x_wconf 84' lang='lat' dir='ltr'><strong>vertici</strong></span> <span class='ocrx_word' id='word_1_108' title='bbox 770 2246 947 2323; x_wconf 87' lang='lat' dir='ltr'><strong>appendens</strong></span> <span class='ocrx_word' id='word_1_109' title='bbox 971 2263 1071 2302; x_wconf 88' lang='lat' dir='ltr'><strong>auam:</strong></span> 
     </span>
     <span class='ocr_line' id='line_1_22' title="bbox 343 2329 855 2391; baseline 0.002 -4"><span class='ocrx_word' id='word_1_110' title='bbox 343 2330 383 2388; x_wconf 85' lang='lat' dir='ltr'><strong>Et</strong></span> <span class='ocrx_word' id='word_1_111' title='bbox 403 2338 465 2388; x_wconf 89' lang='lat' dir='ltr'><strong>tres</strong></span> <span class='ocrx_word' id='word_1_112' title='bbox 487 2331 606 2389; x_wconf 89' lang='lat' dir='ltr'><strong>necabit</strong></span> <span class='ocrx_word' id='word_1_113' title='bbox 627 2332 683 2389; x_wconf 89' lang='lat' dir='ltr'><strong>filii</strong></span> <span class='ocrx_word' id='word_1_114' title='bbox 705 2329 855 2391; x_wconf 82' lang='lat' dir='ltr'><strong>Salaciae</strong></span> 
     </span>
     <span class='ocr_line' id='line_1_23' title="bbox 343 2414 1056 2492; baseline -0.001 -20"><span class='ocrx_word' id='word_1_115' title='bbox 343 2415 459 2492; x_wconf 88' lang='lat' dir='ltr'><strong>Pupas,</strong></span> <span class='ocrx_word' id='word_1_116' title='bbox 484 2434 627 2474; x_wconf 90' lang='lat' dir='ltr'><strong>camenae</strong></span> <span class='ocrx_word' id='word_1_117' title='bbox 648 2417 752 2474; x_wconf 87' lang='lat' dir='ltr'><strong>matris</strong></span> <span class='ocrx_word' id='word_1_118' title='bbox 774 2416 931 2474; x_wconf 88' lang='lat' dir='ltr'><strong>aemulans</strong></span> <span class='ocrx_word' id='word_1_119' title='bbox 955 2414 1056 2487; x_wconf 75' lang='lat' dir='ltr'><strong>soni,</strong></span> 
     </span>
     <span class='ocr_line' id='line_1_24' title="bbox 343 2499 964 2578; baseline -0.002 -21"><span class='ocrx_word' id='word_1_120' title='bbox 343 2500 430 2558; x_wconf 90' lang='lat' dir='ltr'><strong>Iactu</strong></span> <span class='ocrx_word' id='word_1_121' title='bbox 447 2501 590 2560; x_wconf 90' lang='lat' dir='ltr'><strong>insolenti</strong></span> <span class='ocrx_word' id='word_1_122' title='bbox 609 2502 770 2578; x_wconf 89' lang='lat' dir='ltr'><strong>praecipes</strong></span> <span class='ocrx_word' id='word_1_123' title='bbox 795 2521 812 2558; x_wconf 88' lang='lat' dir='ltr'><strong>e</strong></span> <span class='ocrx_word' id='word_1_124' title='bbox 835 2499 964 2559; x_wconf 89' lang='lat' dir='ltr'><strong>culmine</strong></span> 
     </span>
     <span class='ocr_line' id='line_1_25' title="bbox 276 2584 1048 2664; baseline -0.005 -20"><span class='ocrx_word' id='word_1_125' title='bbox 276 2589 327 2644; x_wconf 85' lang='lat'><strong>715</strong></span> <span class='ocrx_word' id='word_1_126' title='bbox 344 2584 452 2643; x_wconf 89' lang='lat' dir='ltr'><strong>Pinnis</strong></span> <span class='ocrx_word' id='word_1_127' title='bbox 475 2587 603 2645; x_wconf 88' lang='lat' dir='ltr'><strong>caducas</strong></span> <span class='ocrx_word' id='word_1_128' title='bbox 628 2607 742 2661; x_wconf 91' lang='lat' dir='ltr'><strong>aequor</strong></span> <span class='ocrx_word' id='word_1_129' title='bbox 765 2587 798 2644; x_wconf 90' lang='lat' dir='ltr'><strong>in</strong></span> <span class='ocrx_word' id='word_1_130' title='bbox 820 2585 1048 2664; x_wconf 82' lang='lat' dir='ltr'><strong>Tyrrhenicum,</strong></span> 
     </span>
     <span class='ocr_line' id='line_1_26' title="bbox 344 2668 1044 2745; baseline -0.001 -19"><span class='ocrx_word' id='word_1_131' title='bbox 344 2668 528 2745; x_wconf 80' lang='lat' dir='ltr'><strong>Quacunque</strong></span> <span class='ocrx_word' id='word_1_132' title='bbox 551 2672 644 2729; x_wconf 89' lang='lat' dir='ltr'><strong>amari</strong></span> <span class='ocrx_word' id='word_1_133' title='bbox 665 2672 732 2729; x_wconf 90' lang='lat' dir='ltr'><strong>iura</strong></span> <span class='ocrx_word' id='word_1_134' title='bbox 752 2672 891 2730; x_wconf 86' lang='lat' dir='ltr'><strong>staminis</strong></span> <span class='ocrx_word' id='word_1_135' title='bbox 917 2671 1044 2727; x_wconf 88' lang='lat' dir='ltr'><strong>trahent.</strong></span> 
     </span>
     <span class='ocr_line' id='line_1_27' title="bbox 343 2755 950 2815; baseline -0.002 0"><span class='ocrx_word' id='word_1_136' title='bbox 343 2755 444 2815; x_wconf 87' lang='lat' dir='ltr'><strong>Unam</strong></span> <span class='ocrx_word' id='word_1_137' title='bbox 466 2755 591 2813; x_wconf 88' lang='lat' dir='ltr'><strong>Phaleri</strong></span> <span class='ocrx_word' id='word_1_138' title='bbox 609 2757 698 2814; x_wconf 90' lang='lat' dir='ltr'><strong>turris</strong></span> <span class='ocrx_word' id='word_1_139' title='bbox 723 2757 848 2814; x_wconf 90' lang='lat' dir='ltr'><strong>eiectam</strong></span> <span class='ocrx_word' id='word_1_140' title='bbox 866 2757 950 2814; x_wconf 84' lang='lat' dir='ltr'><strong>foras</strong></span> 
     </span>
     <span class='ocr_line' id='line_1_28' title="bbox 345 2838 1103 2917; baseline -0.004 -19"><span class='ocrx_word' id='word_1_141' title='bbox 345 2838 515 2916; x_wconf 85' lang='lat' dir='ltr'><strong>Glanisque</strong></span> <span class='ocrx_word' id='word_1_142' title='bbox 535 2841 645 2917; x_wconf 88' lang='lat' dir='ltr'><strong>capiet,</strong></span> <span class='ocrx_word' id='word_1_143' title='bbox 668 2842 789 2899; x_wconf 89' lang='lat' dir='ltr'><strong>flumine</strong></span> <span class='ocrx_word' id='word_1_144' title='bbox 808 2840 1103 2899; x_wconf 83' lang='lat' dir='ltr'><strong>irrorans-humum:</strong></span> 
     </span>
     <span class='ocr_line' id='line_1_29' title="bbox 345 2923 1064 3001; baseline 0 -20"><span class='ocrx_word' id='word_1_145' title='bbox 345 2924 414 3000; x_wconf 83' lang='lat' dir='ltr'><strong>Qua</strong></span> <span class='ocrx_word' id='word_1_146' title='bbox 433 2944 530 3001; x_wconf 90' lang='lat' dir='ltr'><strong>pusae</strong></span> <span class='ocrx_word' id='word_1_147' title='bbox 551 2932 684 2984; x_wconf 87' lang='lat' dir='ltr'><strong>&#39;acerram</strong></span> <span class='ocrx_word' id='word_1_148' title='bbox 706 2935 912 2985; x_wconf 87' lang='lat' dir='ltr'><strong>construentes</strong></span> <span class='ocrx_word' id='word_1_149' title='bbox 934 2923 1064 2996; x_wconf 89' lang='lat' dir='ltr'><strong>incolae,</strong></span> 
     </span>
     <span class='ocr_line' id='line_1_30' title="bbox 277 3010 1046 3087; baseline -0.008 -15"><span class='ocrx_word' id='word_1_150' title='bbox 277 3017 328 3072; x_wconf 73' lang='lat' dir='ltr'><strong>tao</strong></span> <span class='ocrx_word' id='word_1_151' title='bbox 345 3010 532 3068; x_wconf 90' lang='lat' dir='ltr'><strong>Vitulatuum</strong></span> <span class='ocrx_word' id='word_1_152' title='bbox 555 3019 707 3086; x_wconf 88' lang='lat' dir='ltr'><strong>strepente</strong></span> <span class='ocrx_word' id='word_1_153' title='bbox 728 3012 944 3087; x_wconf 88' lang='lat' dir='ltr'><strong>Parthenopen</strong></span> <span class='ocrx_word' id='word_1_154' title='bbox 968 3029 1046 3068; x_wconf 91' lang='lat' dir='ltr'><strong>sono</strong></span> 
     </span>
     <span class='ocr_line' id='line_1_31' title="bbox 344 3093 929 3156; baseline -0.003 0"><span class='ocrx_word' id='word_1_155' title='bbox 344 3093 492 3156; x_wconf 88' lang='lat' dir='ltr'><strong>Solennia</strong></span> <span class='ocrx_word' id='word_1_156' title='bbox 515 3096 602 3154; x_wconf 88' lang='lat' dir='ltr'><strong>deam</strong></span> <span class='ocrx_word' id='word_1_157' title='bbox 623 3096 795 3155; x_wconf 89' lang='lat' dir='ltr'><strong>iubilabunt</strong></span> <span class='ocrx_word' id='word_1_158' title='bbox 817 3097 929 3154; x_wconf 72' lang='lat' dir='ltr'><strong>alitem⁴</strong></span> 
     </span>
     <span class='ocr_line' id='line_1_32' title="bbox 344 3181 931 3241; baseline -0.005 0"><span class='ocrx_word' id='word_1_159' title='bbox 344 3183 386 3241; x_wconf 84' lang='lat' dir='ltr'><strong>At</strong></span> <span class='ocrx_word' id='word_1_160' title='bbox 404 3181 488 3240; x_wconf 88' lang='lat' dir='ltr'><strong>littus</strong></span> <span class='ocrx_word' id='word_1_161' title='bbox 509 3189 619 3240; x_wconf 86' lang='lat' dir='ltr'><strong>extans</strong></span> <span class='ocrx_word' id='word_1_162' title='bbox 641 3181 673 3239; x_wconf 89' lang='lat' dir='ltr'><strong>in</strong></span> <span class='ocrx_word' id='word_1_163' title='bbox 694 3182 833 3240; x_wconf 89' lang='lat' dir='ltr'><strong>Veniliae</strong></span> <span class='ocrx_word' id='word_1_164' title='bbox 855 3182 931 3239; x_wconf 88' lang='lat' dir='ltr'><strong>deae</strong></span> 
     </span>
     <span class='ocr_line' id='line_1_33' title="bbox 346 3265 964 3343; baseline -0.006 -17"><span class='ocrx_word' id='word_1_165' title='bbox 346 3265 387 3326; x_wconf 89' lang='lat' dir='ltr'><strong>Se</strong></span> <span class='ocrx_word' id='word_1_166' title='bbox 408 3273 560 3340; x_wconf 86' lang='lat' dir='ltr'><strong>corruens,</strong></span> <span class='ocrx_word' id='word_1_167' title='bbox 583 3267 794 3343; x_wconf 89' lang='lat' dir='ltr'><strong>cognominem</strong></span> <span class='ocrx_word' id='word_1_168' title='bbox 811 3265 964 3325; x_wconf 87' lang='lat' dir='ltr'><strong>Leucosia</strong></span> 
     </span>
     <span class='ocr_line' id='line_1_34' title="bbox 344 3351 1019 3426; baseline -0.003 -18"><span class='ocrx_word' id='word_1_169' title='bbox 344 3351 467 3409; x_wconf 89' lang='lat' dir='ltr'><strong>Petram</strong></span> <span class='ocrx_word' id='word_1_170' title='bbox 482 3352 610 3424; x_wconf 91' lang='lat' dir='ltr'><strong>tenebit,</strong></span> <span class='ocrx_word' id='word_1_171' title='bbox 633 3370 692 3426; x_wconf 87' lang='lat' dir='ltr'><strong>qua</strong></span> <span class='ocrx_word' id='word_1_172' title='bbox 711 3352 810 3410; x_wconf 86' lang='lat' dir='ltr'><strong>fluens</strong></span> <span class='ocrx_word' id='word_1_173' title='bbox 830 3353 862 3411; x_wconf 92' lang='lat' dir='ltr'><strong>Is</strong></span> <span class='ocrx_word' id='word_1_174' title='bbox 881 3360 915 3409; x_wconf 87' lang='lat' dir='ltr'><strong>et</strong></span> <span class='ocrx_word' id='word_1_175' title='bbox 934 3352 1019 3408; x_wconf 89' lang='lat' dir='ltr'><strong>ferox</strong></span> 
     </span>
     <span class='ocr_line' id='line_1_35' title="bbox 276 3435 937 3513; baseline -0.003 -17"><span class='ocrx_word' id='word_1_176' title='bbox 276 3444 328 3498; x_wconf 68' lang='lat'><strong>725</strong></span> <span class='ocrx_word' id='word_1_177' title='bbox 344 3435 473 3495; x_wconf 83' lang='lat' dir='ltr'><strong>Fluenta</strong></span> <span class='ocrx_word' id='word_1_178' title='bbox 492 3437 598 3513; x_wconf 87' lang='lat' dir='ltr'><strong>pingui</strong></span> <span class='ocrx_word' id='word_1_179' title='bbox 618 3437 706 3494; x_wconf 90' lang='lat' dir='ltr'><strong>Laris</strong></span> <span class='ocrx_word' id='word_1_180' title='bbox 730 3445 844 3494; x_wconf 88' lang='lat' dir='ltr'><strong>eructat</strong></span> <span class='ocrx_word' id='word_1_181' title='bbox 865 3436 937 3494; x_wconf 86' lang='lat' dir='ltr'><strong>solo.</strong></span> 
     </span>
     <span class='ocr_line' id='line_1_36' title="bbox 346 3521 975 3599; baseline 0.003 -21"><span class='ocrx_word' id='word_1_182' title='bbox 346 3522 442 3599; x_wconf 87' lang='lat' dir='ltr'><strong>Ligea</strong></span> <span class='ocrx_word' id='word_1_183' title='bbox 465 3529 570 3599; x_wconf 89' lang='lat' dir='ltr'><strong>agetur</strong></span> <span class='ocrx_word' id='word_1_184' title='bbox 591 3522 624 3579; x_wconf 93' lang='lat' dir='ltr'><strong>in</strong></span> <span class='ocrx_word' id='word_1_185' title='bbox 646 3521 796 3580; x_wconf 85' lang='lat' dir='ltr'><strong>Terenam</strong></span> <span class='ocrx_word' id='word_1_186' title='bbox 816 3523 975 3595; x_wconf 89' lang='lat' dir='ltr'><strong>fluctuans,</strong></span> 
     </span>
     <span class='ocr_line' id='line_1_37' title="bbox 347 3604 1061 3683; baseline -0.003 -17"><span class='ocrx_word' id='word_1_187' title='bbox 347 3604 475 3666; x_wconf 86' lang='lat' dir='ltr'><strong>Sulcans</strong></span> <span class='ocrx_word' id='word_1_188' title='bbox 495 3605 647 3683; x_wconf 90' lang='lat' dir='ltr'><strong>procellae</strong></span> <span class='ocrx_word' id='word_1_189' title='bbox 669 3627 815 3666; x_wconf 82' lang='lat' dir='ltr'><strong>murmur:</strong></span> <span class='ocrx_word' id='word_1_190' title='bbox 836 3607 920 3665; x_wconf 91' lang='lat' dir='ltr'><strong>illam</strong></span> <span class='ocrx_word' id='word_1_191' title='bbox 940 3607 1061 3666; x_wconf 84' lang='lat' dir='ltr'><strong>navitae</strong></span> 
     </span>
     <span class='ocr_line' id='line_1_38' title="bbox 345 3691 965 3771; baseline 0.003 -21"><span class='ocrx_word' id='word_1_192' title='bbox 345 3691 499 3768; x_wconf 90' lang='lat' dir='ltr'><strong>Linquent</strong></span> <span class='ocrx_word' id='word_1_193' title='bbox 521 3693 670 3769; x_wconf 89' lang='lat' dir='ltr'><strong>sepultam</strong></span> <span class='ocrx_word' id='word_1_194' title='bbox 691 3692 820 3753; x_wconf 87' lang='lat' dir='ltr'><strong>littorali</strong></span> <span class='ocrx_word' id='word_1_195' title='bbox 840 3692 965 3771; x_wconf 84' lang='lat' dir='ltr'><strong>cespite,</strong></span> 
     </span>
    </p>
   </div>
   <div class='ocr_carea' id='block_1_3' title="bbox 0 0 1543 4492">
    <p class='ocr_par' dir='ltr' id='par_1_3' title="bbox 0 0 1543 4492">
     <span class='ocr_line' id='line_1_39' title="bbox 0 0 1543 4492; baseline 0 0"><span class='ocrx_word' id='word_1_196' title='bbox 0 0 1543 4492; x_wconf 95' lang='lat' dir='ltr'><strong> </strong></span> 
     </span>
    </p>
   </div>
  </div>
 </body>
</html>
