3059 4492
707 490 747 550 87

267 657 355 733 Quas
373 657 551 734 complexus
576 675 644 716 eras
666 659 830 734 praestanti
850 671 980 734 corpore
1002 659 1099 720 dotes.

269 744 393 820 Quodsi
412 744 480 819 quis
501 742 625 800 laudam
646 743 721 802 velit
742 745 907 819 patriamve
930 763 1078 822 genusve,

268 822 404 888 Moverit
419 828 591 904 ambiguam
610 827 707 917 ¹dubio
730 829 892 888 certamine
914 829 1053 904 palmam.

267 913 352 973 Nam
372 933 449 988 quae
469 913 541 972 diva
561 914 636 973 tuas*
650 932 818 972 memorare
836 913 961 972 Batavis
982 915 1088 974 laudes

268 1000 326 1059 Vis
345 999 477 1056 humana
491 998 601 1074 queat?
619 997 791 1057 Priruordia
810 1018 955 1074 quaerere
980 1001 1048 1058 voci

269 1083 441 1144 Conantem
460 1084 492 1141 iu
513 1083 615 1142 rarius
633 1085 788 1142 sententia
807 1084 954 1164 distrahet
972 1103 1076 1144 oraust

268 1169 449 1228 Iustitiaene
471 1168 554 1244 prius
571 1168 695 1242 referat,
716 1169 828 1228 bellive
848 1169 983 1242 labores,

269 1254 368 1314 Exilii
391 1253 499 1312 dulces
511 1261 628 1328 porum,
651 1261 682 1312 et
702 1253 826 1313 moenia
847 1254 951 1312 mundi

269 1339 417 1415 Hospita,
436 1347 500 1398 tuta
523 1338 613 1397 bouis
635 1339 692 1396 sub
715 1339 845 1416 legibus.
866 1339 977 1400 Omnia
999 1355 1117 1416 magna,

272 1424 401 1484 Omnia:
424 1423 479 1483 sed
500 1424 599 1481 mains
619 1424 739 1482 censeri
759 1424 849 1482 laude
871 1425 1014 1497 virorum,

274 1509 363 1585 Quos
386 1527 525 1586 gennas,
547 1509 703 1567 hominum
725 1509 894 1568 iustissima
910 1517 1016 1583 muter,
1030 1508 1186 1582 alumnos,

272 1595 358 1652 Inter
379 1612 457 1667 quos
478 1593 552 1651 clari
570 1593 717 1671 fulgentia
734 1595 838 1653 sidera
859 1595 961 1653 lucent

271 1678 461 1752 Dousmdae,
481 1677 597 1736 seculus
622 1679 706 1736 velut
725 1680 805 1738 inter
825 1680 913 1738 Luna
935 1680 1079 1739 minores.

270 1763 404 1838 Nanque
423 1772 507 1821 tuum
527 1763 617 1822 decus
640 1784 731 1823 omne
752 1765 812 1823 tui:
841 1765 932 1824 decus
957 1784 1047 1824 omne
1066 1772 1187 1823 urorum

271 1848 460 1908 Dousiadse.
482 1847 586 1908 Semel
608 1869 668 1906 una
686 1850 766 1910 alios
791 1850 900 1908 natalis
925 1851 1057 1910 honorat

271 1933 443 1993 Nobilitas:
465 1933 524 1992 His
544 1935 740 2011 omniparens
760 1933 879 1993 Natura
899 1935 1062 2010 quotannis
1137 1931 1142 1944 “

165 2044 166 2057 ¹
271 2020 393 2096 Ingenii
414 2019 496 2077 clara
517 2018 568 2076 dat
586 2019 746 2078 nobilitate
768 2021 897 2079 renasci.
976 2037 977 2040 ’

271 2102 359 2163 Haec
381 2122 501 2178 quoque
519 2105 656 2163 venturis
678 2105 818 2180 quiddam
839 2103 1035 2162 memorabile
1055 2104 1165 2162 saeclis

274 2189 427 2248 Omnibus
450 2208 470 2246 a
489 2189 623 2248 numeris
647 2198 677 2246 et
699 2192 737 2248 ab
760 2190 844 2248 omni
865 2196 949 2264 parte
971 2189 1092 2248 beatum

271 2273 460 2345 Parturieus,
478 2274 616 2350 Agedum
638 2273 725 2347 felix,
746 2293 804 2351 age
826 2293 963 2346 nascere,
985 2273 1073 2347 dixit,
1151 2294 1153 2298 ’

272 2358 422 2431 Nascere,
444 2377 513 2416 care
532 2378 615 2434 puer.
626 2361 722 2433 „biars
744 2359 1044 2438 vindicetubactenus
1065 2377 1173 2419 omnes

273 2447 426 2504 Auctores
447 2444 541 2502 vestri
559 2444 692 2521 generis.
714 2445 759 2502 Te
781 2443 870 2503 docte
888 2445 1024 2502 Minerva

271 2529 414 2605 lepriat
435 2548 502 2586 cum
523 2538 608 2604 patre
631 2529 700 2588 sibi.
723 2530 788 2588 Iam
806 2549 909 2607 perge,
932 2537 1053 2586 tuorum

274 2615 344 2690 Qua
365 2614 468 2672 nullus
490 2633 599 2689 presso
619 2614 749 2690 vestigia
771 2615 890 2672 tremite
911 2614 1006 2687 flexit,

271 2699 341 2757 Nec
363 2699 424 2758 soli
448 2707 551 2758 vestro
572 2699 757 2757 descendant
781 2707 939 2759 stemmate
960 2699 1066 2758 fortes.

272 2784 337 2843 Per
358 2784 467 2843 doctos
485 2793 681 2842 numerentur
702 2785 760 2845 avi.
780 2784 854 2844 Non
875 2785 962 2842 irrite
982 2785 1094 2843 fundo:

272 2871 403 2946 Magnus
424 2869 496 2942 eris,
517 2869 545 2926 si
566 2889 625 2944 qua
645 2870 782 2928 victricia
805 2889 952 2947 rumpere
969 2869 1038 2928 Fati

272 2954 344 3013 Iura
368 2961 469 3030 potes.
494 2953 540 3011 Te
562 2954 664 3013 saecla
686 2962 811 3028 canent,
831 2963 861 3014 te
884 2953 985 3013 vivida
1005 2953 1108 3011 nutrix

272 3042 434 3098 Annorum
455 3039 552 3098 doctis
574 3040 748 3098 instaurans
768 3049 906 3116 tempora
927 3039 1038 3098 chartis

272 3125 447 3183 Posteritas
468 3124 651 3182 memorabit
671 3144 761 3184 auus.
785 3125 830 3182 Te
854 3125 953 3182 dicere
976 3123 1078 3181 nullus

273 3209 411 3268 Venturo
430 3210 552 3285 poterit,
571 3209 632 3267 uisi
656 3211 708 3285 qui
730 3211 898 3281 mirabitur,
919 3227 1006 3268 aevu.

273 3293 411 3353 Dixerat
430 3295 560 3369 Excepit
577 3313 683 3353 vocam
702 3295 826 3354 crudele
844 3294 986 3352 renidens

273 3382 422 3456 Atropos,
443 3380 651 3454 increpuitque
672 3379 840 3439 minacibus
863 3378 964 3437 omina
984 3372 1093 3452 signis,

273 3463 324 3522 Ne
342 3465 470 3543 propria
487 3465 575 3537 haec,
596 3464 705 3524 dilecte
727 3484 812 3539 puer,
841 3463 897 3521 tibi
920 3462 1001 3519 dona
1022 3465 1190 3518 manerent.

273 3549 357 3628 Ergo
376 3550 460 3625 quod
479 3543 589 3626 potuit,
613 3568 706 3625 parco
732 3544 880 3606 deducere
901 3546 993 3606 vium

275 3632 421 3708 Stamine,
443 3635 642 3710 praecipitare
661 3635 759 3707 colus,
782 3635 841 3690 hoc
863 3633 1005 3709 improba
1025 3630 1107 3688 iecit.

275 3717 402 3779 Caetera
423 3740 487 3780 nou
508 3720 618 3796 potuit.
639 3718 722 3778 Nam
737 3727 768 3776 te
790 3717 979 3792 circunstetit
1001 3715 1101 3776 omnis
