3059 4492
163 523 164 566 γ
679 497 741 558 287

163 575 164 610 γ
635 583 786 594 -

162 610 164 740 λ
401 657 608 728 ιιυιυιιυν
626 659 759 728 κενου
775 659 1015 732 Μυυκυυυι.
1044 729 1048 734 ,

162 743 164 844 β
251 748 395 813 Θανάτου
416 752 563 810 τοσοῦτον
588 747 774 831 ὑστεροῦμεν
798 748 828 810 οί
850 749 963 832 βροτοί.

162 845 163 916 j
246 830 371 904 'EM'
391 830 444 895 ἀπ’
468 830 565 895 ἄλλου
587 836 682 908 τοῖον,
706 830 772 895 οἷόν
795 831 847 937 σφ’
873 833 1017 918 εἰργάσω.

216 967 218 974 ,
249 915 405 1002 Ἐρῶντος
427 916 519 1000 ὀργὴν
544 917 689 1000 δακρύοις
710 937 890 1001 παρηγόρει.

248 999 286 1066 ‘O
308 1006 354 1087 τῷ
378 1001 517 1085 παροίνιρ
537 1003 714 1082 συμπεσὼν,
738 1024 853 1083 σκιαμα
876 1006 914 1064 εἴ.

253 1087 344 1168 Δεινὴ
369 1086 403 1148 τὸ
428 1083 515 1154 δόξαι
534 1086 611 1170 πρὸς
635 1086 669 1150 τὸ
695 1086 843 1170 δυστυχὲς
854 1024 955 1171 ,βοτη

161 1205 163 1284 γ
252 1169 368 1256 Κριτὴς
389 1170 557 1255 σφαδάζων
582 1170 626 1237 εἰς
644 1171 700 1232 τὸ,
727 1169 888 1253 εταμίλειν
911 1168 1025 1255 τρέχει.
1116 1220 1118 1227 .

161 1291 162 1348 γ
252 1255 424 1340 Πρόθυμυν
449 1254 493 1321 εἰς
513 1255 548 1318 τδ
569 1252 674 1338 χεῖρόν
701 1194 772 1316 ἔσθ’
796 1255 924 1338 ὑποψία.

251 1339 345 1408 Ἰδίας
363 1338 507 1420 γυναικὸς
528 1336 638 1422 μοιχός
659 1337 724 1402 ἐστ’
748 1338 828 1422 ἐρῶν
852 1338 939 1421 ἄγαν.

254 1423 383 1510 Χρυσοὺ
408 1424 512 1506 μικρὸν
532 1423 683 1506 δάνεισμα
707 1421 802 1506 μέγαν
828 1423 941 1508 ἐχθρὸν
962 1427 1056 1486 ποιεῖ.

254 1506 393 1593 Κρὺπτει
415 1505 529 1592 χρόνος
551 1508 697 1583 κίναιδον,
721 1507 861 1616 ἐκφαίνει
877 1505 999 1593 χρόνος.

249 1591 390 1662 Ἄλλους
416 1590 540 1676 ἀρέσκει
562 1591 655 1675 τάμὰ,
675 1593 727 1656 καὶ
743 1616 781 1655 τα
802 1593 897 1678 τηῖνδ
921 1591 988 1676 ἐμέ.

256 1679 377 1742 Δυυλοῖ
399 1677 530 1754 δάνειον,
551 1673 605 1759 κᾷν
629 1676 796 1760 ἐλευθερός
818 1700 861 1746 τις
882 1673 915 1763 ᾗ.

254 1760 411 1846 Ἀλλότρι’
435 1760 515 1822 ἐστὶν
537 1759 656 1846 θ’ξέβη
679 1761 872 1846 ποθούμενα.

255 1845 365 1931 Χαρὰν
387 1845 499 1908 ἑαυτοῦ
524 1846 565 1928 μὴ
582 1850 681 1908 ποιεῖν
702 1845 733 1908 τ’
749 1844 854 1909 ἄλλων
875 1846 965 1909 κακά.

254 1926 354 2016 Ὀργῇ
372 1929 443 1993 κάθ’
468 1931 562 1995 αὑτοῦ
584 1929 678 1994 πόλλ’
701 1930 832 2015 ἐραστὴς
854 1929 1010 2015 ψεύδεται.

254 2012 355 2100 Ἐρῶν
378 2013 470 2098 τίλγῖ
492 2015 546 2097 μὲν
566 2013 661 2092 οἶδεν,
681 2014 741 2099 οὑχ
765 2017 824 2099 όρφῖ
848 2017 883 2079 δὲ
904 2014 934 2077 τί
953 2016 1072 2099 φρονεῖ.

247 2097 289 2164 Ὃ
312 2099 459 2185 φοβοῖντ’
485 2098 625 2181 ἐρῶντες,
648 2103 731 2162 τοῦτ’
755 2099 972 2206 ὀνειρώττουσ’
991 2099 1082 2181 ὑπαρ.

250 2181 355 2268 Ἔρως
376 2182 438 2268 νέῳ
461 2184 627 2267 κάρπωμα,
644 2189 764 2292 γηραιῷ
786 2190 890 2268 ψογος.

251 2265 347 2354 Ἐροῖν
370 2268 434 2351 ἅμα
458 2271 581 2352 φρονεῖν
605 2291 638 2331 τε
658 2292 676 2331 κ
706 2268 742 2331 οὑ
768 2269 834 2353 θεῷ
854 2270 950 2354 πάρα.

257 2353 363 2438 Πρᾷον
387 2352 471 2437 φίλει
488 2351 625 2428 τεκόντα,
648 2352 798 2416 δόσκολον
821 2352 907 2438 φέρε.

258 2439 352 2502 Φιλία
375 2437 429 2522 μὲν
451 2438 512 2500 αἰεὶ
532 2439 677 2521 χρηστόν,
700 2437 866 2522 ἐπιβλαβὲς
886 2438 917 2500 δ’
940 2436 1029 2521 ἔρως.

258 2523 355 2586 Φιλία
378 2523 483 2606 λαβεῖν
512 2520 673 2605 είωθεν,ι”η
697 2526 796 2584 ποιεῖν
821 2520 915 2592 ἴσους.

256 2607 509 2684 Ποιεῖςνὲαυτοὺ,
530 2606 601 2675 τοὺς
622 2607 713 2692 φιλου
736 2611 833 2690 μισῶν
855 2606 997 2691 τρόπους.

258 2692 359 2756 Φίλου
383 2691 556 2775 στερεῖσθαι
575 2694 691 2773 ζημιῶν
715 2691 877 2775 ὑπερτάτη.

258 2777 377 2845 Φίλους
398 2777 551 2838 δυσωπεῖν
574 2774 649 2838 οὑδὲ
667 2776 896 2859 προσπαίζοντα
918 2778 974 2840 δεῖ.

250 2857 348 2926 Ὅσον
371 2859 474 2943 ἐνδέη,
496 2859 586 2923 τόσον
608 2858 809 2944 καθυστερεῖς
827 2861 938 2945 φιλων.
998 2899 1007 2910 ·

252 2943 355 3032 Ἔρως
376 2944 605 3029 δυσεκβίαστον,
627 2942 699 3007 ἀλλ’
723 2944 891 3008 ὀλισθάνει

252 3028 356 3115 Ἔρως
379 3029 526 3113 μερίμνης
547 3027 641 3092 αἴτιον
665 3030 873 3116 κακοσχόλυυ.

252 3112 357 3198 Ἐρως
379 3113 469 3199 φόβῳ
489 3111 609 3196 πέφυκε
631 3112 803 3196 δυσμίκτως
826 3111 920 3198 ἔχειν.

253 3197 358 3285 Ἔρως
378 3201 394 3263 ό
415 3199 536 3282 τρώσας
559 3197 651 3266 αὐτός
673 3196 738 3262 ἐστ’
764 3198 925 3280 ἰώμενος.

258 3283 372 3367 Στενῆς
394 3281 546 3367 τραπέζης
570 3279 634 3345 ἔστ’
656 3281 815 3350 ἀκίνδυνος
837 3283 948 3367 τροφή.

257 3366 351 3454 Ἐρηῖν
374 3367 424 3452 ἐφ’
448 3368 520 3449 ἡμῖν
545 3366 618 3442 ἐστὶ,
640 3365 820 3434 παύσασθαι
844 3367 879 3430 δὲ
902 3367 955 3450 μή.

260 3450 306 3518 Οὐ
327 3450 426 3516 πιστά
450 3450 529 3514 ἐστὶν
555 3450 646 3514 οὐδὲν
669 3450 808 3534 ἀλγοόση
830 3452 928 3535 φρενί.

253 3537 427 3602 Ἀπταιστα
451 3535 565 3621 βαίνειν
589 3535 671 3598 οἶδεν
692 3534 828 3619 εὐλαβὴς
846 3534 968 3619 τρόπος.

250 3618 311 3686 Ὧν
335 3623 366 3684 οἱ
390 3621 539 3684 ἐπιτάττει
557 3624 639 3699 νοῖς,
660 3619 814 3705 ἐπήβολος
836 3623 931 3703 κυρεῖ.

260 3705 422 3778 Παίζυυσα
442 3709 538 3790 γραὺς
557 3701 693 3789 Χάροντι
711 3704 947 3776 καλλωπίζεται.
