3059 4492
649 476 800 570 —8-22-

266 645 337 708 Non
358 663 455 721 usque
475 645 563 704 nauci
585 645 720 718 fecerim,
741 646 815 720 quin
833 645 967 704 omnium

266 732 358 790 Illum
376 729 521 803 virorum,
544 738 615 806 post
635 729 797 803 Achillem,
815 748 1015 802 scertamen,
1182 736 1249 791 1340

268 817 449 892 Quicunque
469 814 595 874 Troiam
615 816 811 889 accessimus,
834 818 1018 874 vocaverim.

267 902 309 962 Ut
330 900 419 960 flocci
441 907 471 958 et
491 901 576 958 illum
601 901 712 973 faeere,
735 918 864 960 caussae
882 920 942 958 non
960 901 1029 959 siet.

266 985 350 1045 Nam
370 1005 429 1044 non
449 985 514 1045 viro
538 985 594 1058 illi,
617 986 672 1044 sed
693 985 828 1044 Deerum
848 984 968 1062 legibus

172 1085 173 1146 1
267 1071 403 1130 Iniurius
425 1071 479 1130 sis.
502 1078 654 1128 caeterum
676 1071 772 1130 virnm
794 1071 908 1129 bonum
955 1107 957 1111 ·

266 1157 429 1216 Incessere
450 1156 530 1214 hand
551 1156 599 1214 ius
624 1155 875 1228 mortuum„licet
898 1155 1010 1214 oderis.
1183 1161 1250 1216 1315

267 1244 326 1320 Ag.
372 1239 461 1298 Haec
478 1241 551 1313 isto,
573 1240 699 1317 Ulysse‚
719 1261 777 1316 pro
795 1240 861 1299 viro
881 1238 984 1318 iungas
1006 1239 1100 1298 milri?

269 1326 321 1388 Ul.
372 1325 478 1384 Plane.
501 1326 555 1384 sed
576 1326 636 1398 odi,
660 1326 762 1385 odisse
785 1344 852 1383 cnm
873 1323 959 1382 licuit
979 1325 1064 1383 mihi.

268 1413 327 1489 Ag.
371 1408 446 1468 Non
470 1418 500 1468 et
520 1411 631 1468 iacenti
652 1418 682 1468 te
705 1429 827 1487 quoque
847 1409 994 1470 insultare
1016 1409 1085 1468 fas?

268 1495 320 1556 Ul.
369 1494 548 1568 Inhonesta,
570 1496 687 1568 Atrida,
709 1495 794 1554 lucra
810 1514 849 1554 ne
870 1496 1014 1573 placeant
1034 1495 1098 1553 tibi.

270 1583 327 1659 Ag.
372 1579 491 1654 Ubique
509 1599 611 1658 regem
636 1582 733 1640 colere
751 1581 895 1657 pietatem
917 1581 999 1639 haud
1015 1579 1106 1639 facul.
1186 1579 1275 1652 1350,

269 1666 321 1726 Ul.
371 1663 486 1726 Scitum
508 1674 566 1738 est,
585 1666 690 1726 amicis
709 1685 815 1744 gerere
836 1685 961 1739 morem,
984 1675 1015 1724 et
1035 1664 1172 1739 obsequi.

269 1755 329 1829 Ag.
371 1751 485 1808 Parere
508 1759 628 1827 oportet
648 1751 771 1828 regibus
792 1753 889 1810 vimus
907 1754 1030 1810 bonum.

255 1837 322 1906 ,Ut
375 1836 516 1912 Quiesce.
538 1835 635 1896 victus
659 1855 712 1894 ore
732 1836 835 1896 vicisti
855 1845 918 1895 tuo.

271 1924 329 1999 Ag.
374 1923 534 1993 Memento,
557 1921 639 1995 quali
660 1922 787 1998 gratiam
806 1923 886 1979 hane
905 1922 1028 1980 confers
1051 1919 1126 1978 viro.

271 2005 322 2066 Ul.
371 2005 442 2065 Fuit
462 2007 536 2065 mihi
556 2006 653 2066 hostis
679 2006 743 2078 ille,
765 2007 821 2065 sed
842 2007 932 2066 fortis
954 2014 1066 2064 tamen.
1186 2005 1253 2062 1355

271 2095 348 2170 Aga.
390 2090 471 2165 Quid
483 2092 546 2164 fiet,
560 2091 613 2148 ubi
626 2091 670 2149 sic
688 2099 803 2150 mortuo
817 2092 900 2150 hosti
911 2093 1057 2149 honorem
1070 2087 1186 2146 habes?

271 2178 322 2238 Ul.
388 2177 492 2236 Virtus
516 2183 620 2234 movet
639 2195 697 2250 me,
722 2195 814 2252 quam
833 2177 1014 2249 simultates,
1035 2173 1142 2251 magis.

272 2267 349 2342 Aga.
394 2259 481 2335 Sunt,
503 2261 555 2336 qui
577 2261 678 2320 solent
698 2263 774 2320 haec
794 2262 906 2334 fecere,
929 2259 1076 2318 vecordes
1100 2257 1166 2317 viri.

272 2349 323 2412 Ul.
394 2351 444 2419 At,
467 2347 519 2423 qui
542 2346 615 2406 boni
636 2347 731 2420 fuere,
753 2355 824 2423 post
845 2348 921 2405 fiunt
941 2346 1023 2404 mali.

272 2436 350 2512 Aga.
396 2432 489 2492 Tales
510 2432 622 2494 amicos
649 2450 718 2490 esse
743 2431 883 2508 postules
903 2431 979 2490 tibi?
1187 2432 1255 2488 1300

272 2519 324 2580 Ul.
393 2517 463 2576 Non
485 2517 576 2576 lando
596 2516 701 2574 du'ram
722 2525 865 2590 mentem,
885 2524 916 2574 et
935 2515 1167 2573 intractabilem.

272 2607 351 2682 Aga.
396 2602 444 2660 Tu
462 2620 520 2661 nos
542 2602 690 2679 probabis
715 2601 844 2661 hoodie
865 2601 1102 2679 ignavissnmos.

273 2688 324 2749 Ul.
390 2690 432 2748 At
450 2707 508 2746 nos
531 2695 563 2744 tu
585 2686 710 2747 Achivis
730 2687 870 2747 omnibus
892 2686 1097 2746 iustissumos.

272 2777 352 2852 Aga.
397 2772 524 2845 Iubetis,
545 2772 627 2832 istud
646 2773 737 2831 funus
760 2773 869 2848 exequi
888 2771 1008 2832 sinam?

273 2859 325 2920 Ul.
395 2858 548 2916 Iubemus.
570 2857 648 2915 idem
670 2877 741 2916 nam
761 2867 864 2916 manet
885 2877 941 2916 nos
964 2856 1073 2914 exitus.
1189 2858 1256 2914 1305

273 2939 352 3022 Aga.
397 2942 440 3002 Ut
459 2944 549 3001 rebus
569 2942 709 3002 homines
732 2944 871 3002 omnibns
895 2948 1038 3018 satagunt
1062 2939 1119 2998 sui.

274 3030 326 3091 Ul.
397 3025 530 3087 Cuiusne
549 3027 663 3104 potius,
685 3046 774 3103 quam
791 3029 863 3101 mei,
883 3023 1065 3104 sategerim?

274 3118 354 3192 Aga.
397 3112 446 3170 Ita
457 3120 490 3170 ut
506 3120 589 3170 tuum
601 3113 659 3170 hoc
673 3113 724 3185 sit,
739 3133 799 3170 non
811 3132 913 3170 meum
923 3109 1064 3186 quicquid
1076 3105 1188 3166 estrei.

274 3199 327 3259 Ul.-
400 3197 542 3257 Omnino.
566 3197 712 3257 utrumvis
735 3198 856 3270 feceris,
885 3193 1103 3255 benefeceris.

275 3289 354 3362 Aga.
398 3283 510 3341 Verum
531 3283 605 3340 mihi
622 3283 702 3341 istud
721 3283 900 3353 antumanti,
919 3280 1061 3341 crednas:
1191 3281 1258 3336 1370

275 3369 336 3428 Vel
358 3367 457 3426 maius
478 3368 537 3427 isto
559 3386 667 3426 munus
689 3369 850 3426 attribuam
872 3367 936 3426 tibi.

275 3457 319 3515 At
341 3453 391 3512 vel
414 3453 576 3530 sepulchro
597 3453 735 3526 affectus,
756 3453 895 3512 inimicus
914 3449 988 3508 mihi

274 3538 344 3600 Erit
365 3539 434 3611 iste,
454 3544 486 3595 tu
508 3538 556 3596 fac
579 3557 668 3597 omne
691 3539 875 3614 quodfacto
900 3543 947 3595 est
968 3551 1056 3610 opus.

277 3624 334 3685 Oh.
379 3624 569 3699 Quicunque,
589 3623 715 3699 Ulysse,
739 3641 846 3698 sapere
865 3631 897 3680 te
921 3640 983 3679 non
1004 3616 1115 3677 dixerit

274 3709 386 3768 Talem
411 3709 518 3780 virum,
541 3715 572 3766 et
593 3717 719 3782 tantum,
736 3708 790 3766 ille
811 3726 884 3766 vero
908 3705 1030 3782 desipit.
1165 3705 1259 3763 ,1375
1356 3700 1357 3703 ’
