3059 4492
647 499 801 594 jaa—

264 668 500 742 Promisouique
519 666 626 744 volgus
649 670 777 728 armenti
798 687 904 728 avoco.

264 755 316 813 lbi
336 755 462 812 buoeras
487 754 641 812 sternebat
662 754 841 826 animantes,
863 753 939 812 nibil

264 839 402 898 Paraens
424 837 536 896 furori:
559 837 649 897 modo
668 847 792 898 eruenta
808 838 949 898 credulus

265 927 361 984 Manu
382 941 490 981 naoara
515 923 634 999 gemina
656 924 780 987 Atridas
802 941 948 1001 corpora:

265 1009 357 1068 Modo
378 1008 467 1080 huno,
490 1007 581 1066 modo
603 1007 689 1066 illum
709 1009 825 1068 scilieet
847 1016 983 1067 mactans
1001 1006 1118 1067 duoem.

265 1097 327 1153 Ast
346 1111 401 1170 ego
421 1092 517 1150 virum
538 1092 638 1152 furore
658 1102 825 1152 torrentem
845 1112 924 1171 vago

265 1179 433 1256 Urgebam,
454 1178 486 1235 in
508 1177 584 1236 altos
608 1178 737 1238 induens
758 1197 864 1238 casses
885 1177 966 1236 muli.

161 1305 162 1340 3
266 1264 436 1339 Postquam
459 1261 577 1320 remisit
597 1264 644 1322 vis
669 1263 782 1322 furoris
804 1264 842 1322 de
861 1282 945 1335 neae,

265 1352 416 1408 Armenta
436 1346 506 1405 viva
527 1347 738 1425 oompedarum
756 1347 886 1407 vinculis

267 1433 406 1510 Captiva,
428 1432 483 1492 sed
504 1451 570 1490 oum
592 1434 733 1511 gregibus
754 1433 876 1492 abduoit
894 1432 1029 1506 domum,

266 1519 422 1580 Homines
445 1525 553 1593 putans
577 1519 709 1596 abigere,
734 1539 794 1576 non
814 1519 922 1577 brutos
940 1536 1064 1596 greges:

269 1605 359 1681 Quos
381 1620 461 1662 nuno
481 1602 610 1680 flagellis
633 1603 741 1680 aooipit
761 1602 881 1662 vinctos
902 1603 992 1662 male.

266 1692 336 1768 Age
358 1689 474 1749 huncce
493 1687 585 1746 sodes
608 1688 738 1746 indicem
762 1689 898 1746 morbum
919 1688 986 1760 tibi,

266 1775 304 1834 In
328 1773 434 1850 volgus
455 1781 488 1830 ut
511 1792 579 1832 oum
602 1771 736 1847 differas,
756 1773 810 1831 ubi
829 1773 952 1832 videris.

266 1859 319 1920 Ne
341 1858 497 1930 defetisoe,
521 1877 597 1916 neve
618 1858 728 1935 deputa
750 1859 783 1916 in
805 1858 884 1915 mutio

268 1944 435 2004 Hominem
457 1942 568 2001 videre.
591 1942 739 2002 luminum
760 1960 887 2002 aversos
910 1960 968 2019 ego

268 2030 371 2091 Orbas
394 2029 558 2100 reflectam,
580 2046 640 2103 quo
662 2029 762 2088 minus
785 2035 815 2085 te
838 2026 955 2086 viderit
1009 2074 1013 2080 .

310 2113 339 2175 0
364 2113 417 2188 qui
436 2113 579 2171 revinctis
602 2112 741 2172 manibus
764 2113 909 2171 abductas
929 2111 995 2190 agis

238 2191 240 2198 '
268 2199 437 2260 Hominum
461 2205 607 2272 catervas,
632 2198 690 2256 hun
711 2198 866 2271 adesdum,
885 2204 916 2254 te
936 2213 1024 2255 voco.

268 2285 351 2344 Aiax
372 2284 437 2355 tibi,
459 2283 591 2358 inquam,
613 2282 688 2341 dioo.
711 2284 771 2340 iam
791 2282 881 2359 prodi
900 2282 995 2340 foras.

268 2370 320 2430 Ul.
370 2368 451 2444 Quid
462 2369 540 2446 agis,
562 2368 720 2427 Minerva?
741 2387 782 2426 ne
800 2368 884 2427 foras
898 2365 1054 2425 hominum
1072 2381 1180 2422 evoca:

268 2455 323 2514 Mi.
366 2449 469 2512 Potin’
494 2472 527 2512 es
549 2454 670 2512 tacere?
690 2471 747 2510 neo
761 2450 824 2511 'tibi
844 2459 956 2510 metum
979 2449 1086 2510 obiice.
1180 2455 1215 2509 75

268 2539 320 2600 Ul.
363 2537 430 2611 Na,
453 2539 576 2596 amabo:
599 2538 655 2599 sed
673 2540 829 2598 contineat
846 2537 929 2596 intus
952 2554 987 2594 se
1007 2532 1097 2592 domi.

268 2626 322 2686 Mi.
366 2623 493 2682 Frustra
511 2623 635 2682 vereris.
666 2642 726 2681 non
748 2624 795 2681 rir
815 2622 896 2681 idem
916 2629 974 2694 est,
992 2620 1045 2696 qui
1064 2616 1159 2694 prius.

269 2709 321 2770 Ul.
371 2708 447 2767 Mihi
469 2709 568 2767 bostis
587 2709 668 2766 idem
692 2717 739 2768 est
760 2709 841 2785 ipse,
861 2708 913 2783 qui
935 2706 1018 2783 prius
1038 2703 1105 2762 fuit.

269 2795 324 2854 Mi.
367 2793 499 2852 Iiludere
519 2793 602 2852 hosti
620 2793 709 2852 ludus
733 2802 781 2853 est
799 2792 1019 2852 suavissumus.

270 2879 321 2940 Ul.
370 2878 446 2937 Mihi
468 2879 588 2954 quidem
608 2879 729 2938 isthanc
747 2879 831 2937 intus
852 2877 967 2936 includi
988 2882 1037 2935 sat
1057 2883 1114 2934 ast.
1182 2879 1218 2934 80
1315 2918 1321 2938 t

270 2965 324 3023 Mi.
367 2962 532 3022 Hominem
554 2963 657 3022 videre
677 2963 787 3021 mentis
809 2963 956 3040 impotem
973 2960 1077 3038 fugis?

270 3048 321 3109 Ui.
369 3047 481 3107 Videre
499 3049 609 3107 mantis
630 3055 804 3125 compotem
823 3066 947 3124 compos
967 3063 1086 3122 queam.

269 3135 324 3192 Mi.
367 3136 410 3191 At
427 3153 490 3192 non
510 3133 623 3192 videbit
641 3141 671 3191 ta
692 3133 823 3209 quidem,
844 3132 981 3207 quamvis
1000 3147 1107 3207 propa.

270 3219 321 3280 Ul.
373 3216 435 3277 Cur
452 3237 526 3291 nou,
552 3218 579 3278 si
590 3218 671 3276 idem
684 3218 780 3277 oeulis
792 3218 896 3275 lumen
908 3222 1047 3292 usurpat,
1057 3211 1182 3291 potest?

270 3305 324 3363 Mi.
367 3303 467 3376 Faxo,
486 3311 517 3361 te
538 3312 571 3360 ut
592 3303 688 3362 oeulis
710 3302 760 3362 vel
778 3302 884 3362 videns
906 3320 967 3359 non
989 3298 1107 3357 viderit.
1182 3300 1218 3354 85

270 3388 322 3448 Ul.
372 3389 491 3447 Mutare
512 3406 653 3466 magnum
671 3388 718 3447 sas
737 3389 885 3464 nefasque
906 3386 975 3444 Diis
996 3384 1065 3444 lere
1086 3389 1143 3443 est.

270 3474 325 3533 Mi.
372 3473 465 3546 Tace,
485 3480 517 3532 et
534 3473 667 3548 quiesse,
689 3480 780 3549 teque
801 3473 833 3530 in
856 3472 916 3532 boe
935 3477 1016 3531 statu
1036 3477 1117 3527 tene.

270 3559 322 3620 Ul.
374 3556 498 3618 Certum
520 3565 699 3617 esttenete.
721 3558 776 3616 sed
797 3557 874 3616 foris
897 3555 1020 3614 mallem
1041 3561 1154 3612 tamen.

269 3644 323 3703 Mi.
368 3643 456 3702 Heus
469 3649 511 3717 te,
525 3639 651 3701 audin'?
663 3643 754 3716 Aiax,
768 3661 874 3701 rursus
887 3639 1022 3718 appello.
1031 3639 1183 3698 butades.

270 3728 335 3789 Cur
356 3747 468 3788 numen
486 3728 631 3786 auxiliare
651 3734 713 3785 tam
734 3728 821 3805 parri
845 3727 942 3785 faris?
1183 3721 1220 3776 90
