<?xml version="1.0" encoding="UTF-8"?>
<!DOCTYPE html PUBLIC "-//W3C//DTD XHTML 1.0 Transitional//EN"
    "http://www.w3.org/TR/xhtml1/DTD/xhtml1-transitional.dtd">
<html xmlns="http://www.w3.org/1999/xhtml" xml:lang="en" lang="en">
 <head>
  <title>
</title>
<meta http-equiv="Content-Type" content="text/html;charset=utf-8" />
  <meta name='ocr-system' content='tesseract 3.04.00' />
  <meta name='ocr-capabilities' content='ocr_page ocr_carea ocr_par ocr_line ocrx_word'/>
</head>
<body>
  <div class='ocr_page' id='page_1' title='image "./poemataomnia01scalgoog_0133.png"; bbox 0 0 3059 4492; ppageno 0'>
   <div class='ocr_carea' id='block_1_1' title="bbox 632 499 783 595">
    <p class='ocr_par' dir='ltr' id='par_1_1' title="bbox 632 499 783 595">
     <span class='ocr_line' id='line_1_1' title="bbox 632 499 783 595; baseline 0.007 -1"><span class='ocrx_word' id='word_1_1' title='bbox 632 499 783 595; x_wconf 54' lang='grc' dir='ltr'><strong>...ετ</strong></span> 
     </span>
    </p>
   </div>
   <div class='ocr_carea' id='block_1_2' title="bbox 163 659 1232 3709">
    <p class='ocr_par' dir='ltr' id='par_1_2' title="bbox 167 659 1005 833">
     <span class='ocr_line' id='line_1_2' title="bbox 249 659 1005 749; baseline 0.003 -23"><span class='ocrx_word' id='word_1_2' title='bbox 249 659 393 726; x_wconf 85' lang='grc' dir='ltr'><strong>Κλαίειό</strong></span> <span class='ocrx_word' id='word_1_3' title='bbox 418 662 562 746; x_wconf 78' lang='grc' dir='ltr'><strong>νικηθεὶς,</strong></span> <span class='ocrx_word' id='word_1_4' title='bbox 586 661 602 725; x_wconf 85' lang='grc' dir='ltr'>ὁ</span> <span class='ocrx_word' id='word_1_5' title='bbox 626 665 661 728; x_wconf 74' lang='grc' dir='ltr'><strong>δὲ</strong></span> <span class='ocrx_word' id='word_1_6' title='bbox 682 667 809 749; x_wconf 76' lang='grc' dir='ltr'><strong>νικήσας</strong></span> <span class='ocrx_word' id='word_1_7' title='bbox 828 664 1005 729; x_wconf 79' lang='grc' dir='ltr'><strong>ἀπόλωλεν.</strong></span> 
     </span>
     <span class='ocr_line' id='line_1_3' title="bbox 167 745 970 833; baseline 0.006 -24"><span class='ocrx_word' id='word_1_8' title='bbox 167 767 168 770; x_wconf 71' lang='grc'>’</span> <span class='ocrx_word' id='word_1_9' title='bbox 249 745 389 814; x_wconf 83' lang='grc' dir='ltr'><strong>ΚωπεάςΙ</strong></span> <span class='ocrx_word' id='word_1_10' title='bbox 406 745 475 809; x_wconf 76' lang='grc' dir='ltr'><strong>ἄνθ’</strong></span> <span class='ocrx_word' id='word_1_11' title='bbox 498 747 602 810; x_wconf 85' lang='grc' dir='ltr'><strong>ὅπλων</strong></span> <span class='ocrx_word' id='word_1_12' title='bbox 625 751 677 812; x_wconf 85' lang='grc' dir='ltr'><strong>καὶ</strong></span> <span class='ocrx_word' id='word_1_13' title='bbox 693 751 764 833; x_wconf 78' lang='grc' dir='ltr'><strong>νήῐα</strong></span> <span class='ocrx_word' id='word_1_14' title='bbox 795 751 970 820; x_wconf 75' lang='grc' dir='ltr'><strong>’λλάξαντα</strong></span> 
     </span>
    </p>

    <p class='ocr_par' dir='ltr' id='par_1_3' title="bbox 163 775 1232 3709">
     <span class='ocr_line' id='line_1_4' title="bbox 249 775 1045 919; baseline 0.005 -25"><span class='ocrx_word' id='word_1_15' title='bbox 249 831 371 916; x_wconf 88' lang='grc' dir='ltr'><strong>Λύχνοο</strong></span> <span class='ocrx_word' id='word_1_16' title='bbox 416 835 501 915; x_wconf 86' lang='grc' dir='ltr'><strong>ρεῖαν</strong></span> <span class='ocrx_word' id='word_1_17' title='bbox 519 829 602 916; x_wconf 85' lang='grc' dir='ltr'><strong>ἔχων</strong></span> <span class='ocrx_word' id='word_1_18' title='bbox 623 833 740 919; x_wconf 80' lang='grc' dir='ltr'><strong>ἐπιχεῖν</strong></span> <span class='ocrx_word' id='word_1_19' title='bbox 766 775 905 918; x_wconf 74' lang='grc' dir='ltr'><strong>μίμνησο</strong></span> <span class='ocrx_word' id='word_1_20' title='bbox 931 834 1045 898; x_wconf 80' lang='grc' dir='ltr'><strong>ἔλαιον.</strong></span> 
     </span>
     <span class='ocr_line' id='line_1_5' title="bbox 249 854 1161 1069; baseline 0.007 -90"><span class='ocrx_word' id='word_1_21' title='bbox 249 913 377 979; x_wconf 81' lang='grc' dir='ltr'><strong>Μᾶλλον</strong></span> <span class='ocrx_word' id='word_1_22' title='bbox 393 854 463 997; x_wconf 57' lang='grc' dir='ltr'><strong>όγιδ</strong></span> <span class='ocrx_word' id='word_1_23' title='bbox 485 915 629 1069; x_wconf 86' lang='grc' dir='ltr'><strong>βραδυνῶ</strong></span> <span class='ocrx_word' id='word_1_24' title='bbox 654 918 796 982; x_wconf 86' lang='grc' dir='ltr'><strong>σπεύδων</strong></span> <span class='ocrx_word' id='word_1_25' title='bbox 808 919 886 1004; x_wconf 86' lang='grc' dir='ltr'><strong>ταχδ</strong></span> <span class='ocrx_word' id='word_1_26' title='bbox 905 921 1003 982; x_wconf 81' lang='grc' dir='ltr'><strong>πάντα</strong></span> <span class='ocrx_word' id='word_1_27' title='bbox 1017 920 1161 985; x_wconf 72' lang='grc' dir='ltr'><strong>διελθεῖν.</strong></span> 
     </span>
     <span class='ocr_line' id='line_1_6' title="bbox 249 998 1051 1083; baseline 0.002 -19"><span class='ocrx_word' id='word_1_28' title='bbox 249 998 390 1083; x_wconf 83' lang='grc' dir='ltr'><strong>Μάρπτει</strong></span> <span class='ocrx_word' id='word_1_29' title='bbox 413 1000 447 1062; x_wconf 79' lang='grc' dir='ltr'><strong>δ’</strong></span> <span class='ocrx_word' id='word_1_30' title='bbox 462 1000 567 1083; x_wconf 68' lang='grc' dir='ltr'><strong>δείης</strong></span> <span class='ocrx_word' id='word_1_31' title='bbox 590 1002 658 1065; x_wconf 82' lang='grc' dir='ltr'><strong>ὅστ’</strong></span> <span class='ocrx_word' id='word_1_32' title='bbox 681 1002 786 1079; x_wconf 81' lang='grc' dir='ltr'><strong>αἴτιος,</strong></span> <span class='ocrx_word' id='word_1_33' title='bbox 807 1004 877 1066; x_wconf 85' lang='grc' dir='ltr'><strong>ὅστε</strong></span> <span class='ocrx_word' id='word_1_34' title='bbox 899 1005 950 1067; x_wconf 85' lang='grc' dir='ltr'><strong>καὶ</strong></span> <span class='ocrx_word' id='word_1_35' title='bbox 973 1004 1051 1067; x_wconf 82' lang='grc' dir='ltr'><strong>ούκί.</strong></span> 
     </span>
     <span class='ocr_line' id='line_1_7' title="bbox 248 1083 1063 1172; baseline 0.004 -24"><span class='ocrx_word' id='word_1_36' title='bbox 248 1083 362 1170; x_wconf 82' lang='grc' dir='ltr'><strong>Μέτριρ</strong></span> <span class='ocrx_word' id='word_1_37' title='bbox 384 1085 468 1168; x_wconf 77' lang='grc' dir='ltr'><strong>ὕδωρ</strong></span> <span class='ocrx_word' id='word_1_38' title='bbox 490 1086 638 1163; x_wconf 91' lang='grc' dir='ltr'><strong>πίνουσιν,</strong></span> <span class='ocrx_word' id='word_1_39' title='bbox 659 1087 801 1171; x_wconf 76' lang='grc' dir='ltr'>ἀμέτρως</span> <span class='ocrx_word' id='word_1_40' title='bbox 825 1089 924 1169; x_wconf 74' lang='grc' dir='ltr'><strong>μάζαν</strong></span> <span class='ocrx_word' id='word_1_41' title='bbox 948 1087 1063 1172; x_wconf 68' lang='grc' dir='ltr'><strong>ἔδουσι.</strong></span> 
     </span>
     <span class='ocr_line' id='line_1_8' title="bbox 248 1166 1024 1257; baseline 0.005 -25"><span class='ocrx_word' id='word_1_42' title='bbox 248 1167 299 1253; x_wconf 87' lang='grc' dir='ltr'><strong>Μὴ</strong></span> <span class='ocrx_word' id='word_1_43' title='bbox 319 1171 399 1233; x_wconf 84' lang='grc' dir='ltr'><strong>κίνει</strong></span> <span class='ocrx_word' id='word_1_44' title='bbox 421 1166 615 1254; x_wconf 87' lang='grc' dir='ltr'><strong>Καμαρῐναν,</strong></span> <span class='ocrx_word' id='word_1_45' title='bbox 639 1173 780 1256; x_wconf 86' lang='grc' dir='ltr'><strong>ἀκίνητος</strong></span> <span class='ocrx_word' id='word_1_46' title='bbox 799 1172 857 1257; x_wconf 79' lang='grc' dir='ltr'><strong>γὰρ</strong></span> <span class='ocrx_word' id='word_1_47' title='bbox 878 1173 1024 1256; x_wconf 87' lang='grc' dir='ltr'><strong>ἀμείνων.</strong></span> 
     </span>
     <span class='ocr_line' id='line_1_9' title="bbox 249 1255 1100 1343; baseline 0.008 -28"><span class='ocrx_word' id='word_1_48' title='bbox 249 1255 299 1340; x_wconf 81' lang='grc' dir='ltr'><strong>Μὴ</strong></span> <span class='ocrx_word' id='word_1_49' title='bbox 323 1258 407 1338; x_wconf 84' lang='grc' dir='ltr'><strong>μαιῶ</strong></span> <span class='ocrx_word' id='word_1_50' title='bbox 432 1256 583 1336; x_wconf 84' lang='grc' dir='ltr'><strong>μαλακὸν,</strong></span> <span class='ocrx_word' id='word_1_51' title='bbox 608 1257 648 1339; x_wconf 75' lang='grc' dir='ltr'><strong>μὴ</strong></span> <span class='ocrx_word' id='word_1_52' title='bbox 668 1258 720 1320; x_wconf 83' lang='grc' dir='ltr'><strong>καὶ</strong></span> <span class='ocrx_word' id='word_1_53' title='bbox 740 1263 785 1341; x_wconf 78' lang='grc' dir='ltr'><strong>τῷ</strong></span> <span class='ocrx_word' id='word_1_54' title='bbox 807 1259 932 1342; x_wconf 78' lang='grc' dir='ltr'><strong>σκληρῷ</strong></span> <span class='ocrx_word' id='word_1_55' title='bbox 955 1258 1100 1343; x_wconf 69' lang='grc' dir='ltr'><strong>ἀπαντῇς.</strong></span> 
     </span>
     <span class='ocr_line' id='line_1_10' title="bbox 248 1339 1028 1426; baseline -0.003 -20"><span class='ocrx_word' id='word_1_56' title='bbox 248 1341 298 1426; x_wconf 82' lang='grc' dir='ltr'><strong>Μή</strong></span> <span class='ocrx_word' id='word_1_57' title='bbox 322 1361 400 1403; x_wconf 90' lang='grc' dir='ltr'><strong>ποτε</strong></span> <span class='ocrx_word' id='word_1_58' title='bbox 421 1339 617 1404; x_wconf 89' lang='grc' dir='ltr'><strong>δουλεύσασα</strong></span> <span class='ocrx_word' id='word_1_59' title='bbox 639 1342 713 1424; x_wconf 85' lang='grc' dir='ltr'><strong>γυνὴ</strong></span> <span class='ocrx_word' id='word_1_60' title='bbox 734 1341 881 1405; x_wconf 84' lang='grc' dir='ltr'><strong>δέσποινα</strong></span> <span class='ocrx_word' id='word_1_61' title='bbox 899 1341 1028 1424; x_wconf 85' lang='grc' dir='ltr'><strong>γένοιτο.</strong></span> 
     </span>
     <span class='ocr_line' id='line_1_11' title="bbox 248 1424 1061 1530; baseline 0.001 -42"><span class='ocrx_word' id='word_1_62' title='bbox 248 1426 298 1510; x_wconf 82' lang='grc' dir='ltr'><strong>Μὴ</strong></span> <span class='ocrx_word' id='word_1_63' title='bbox 321 1424 440 1530; x_wconf 87' lang='grc' dir='ltr'><strong>τέφραν</strong></span> <span class='ocrx_word' id='word_1_64' title='bbox 463 1424 586 1505; x_wconf 79' lang='grc' dir='ltr'><strong>φεύγων</strong></span> <span class='ocrx_word' id='word_1_65' title='bbox 609 1426 653 1494; x_wconf 76' lang='grc' dir='ltr'><strong>εἰς</strong></span> <span class='ocrx_word' id='word_1_66' title='bbox 672 1427 840 1508; x_wconf 77' lang='grc' dir='ltr'><strong>ἀνθρακιὰν</strong></span> <span class='ocrx_word' id='word_1_67' title='bbox 862 1428 1061 1509; x_wconf 87' lang='grc' dir='ltr'><strong>περιπίπτοις.</strong></span> 
     </span>
     <span class='ocr_line' id='line_1_12' title="bbox 248 1509 1160 1596; baseline 0.001 -22"><span class='ocrx_word' id='word_1_68' title='bbox 248 1509 334 1596; x_wconf 76' lang='grc' dir='ltr'><strong>Μήτε</strong></span> <span class='ocrx_word' id='word_1_69' title='bbox 359 1509 445 1591; x_wconf 89' lang='grc' dir='ltr'><strong>δικην</strong></span> <span class='ocrx_word' id='word_1_70' title='bbox 468 1509 605 1592; x_wconf 78' lang='grc' dir='ltr'><strong>διιείσης,</strong></span> <span class='ocrx_word' id='word_1_71' title='bbox 627 1511 694 1593; x_wconf 86' lang='grc' dir='ltr'><strong>πρὶν</strong></span> <span class='ocrx_word' id='word_1_72' title='bbox 718 1509 754 1573; x_wconf 83' lang='grc' dir='ltr'><strong>ἀν</strong></span> <span class='ocrx_word' id='word_1_73' title='bbox 772 1513 888 1594; x_wconf 80' lang='grc' dir='ltr'><strong>ἀμφοῖν</strong></span> <span class='ocrx_word' id='word_1_74' title='bbox 902 1511 1000 1593; x_wconf 77' lang='grc' dir='ltr'><strong>μῦθον</strong></span> <span class='ocrx_word' id='word_1_75' title='bbox 1014 1511 1160 1596; x_wconf 75' lang='grc' dir='ltr'><strong>ἀκούσῃς.</strong></span> 
     </span>
     <span class='ocr_line' id='line_1_13' title="bbox 248 1593 1055 1680; baseline 0 -22"><span class='ocrx_word' id='word_1_76' title='bbox 248 1595 369 1660; x_wconf 79' lang='grc' dir='ltr'><strong>Μισθὸς</strong></span> <span class='ocrx_word' id='word_1_77' title='bbox 392 1593 422 1654; x_wconf 77' lang='grc' dir='ltr'><strong>δ’</strong></span> <span class='ocrx_word' id='word_1_78' title='bbox 446 1593 533 1677; x_wconf 81' lang='grc' dir='ltr'><strong>ἀνδρὶ</strong></span> <span class='ocrx_word' id='word_1_79' title='bbox 558 1595 640 1678; x_wconf 85' lang='grc' dir='ltr'><strong>φιλιρ</strong></span> <span class='ocrx_word' id='word_1_80' title='bbox 659 1595 821 1680; x_wconf 75' lang='grc' dir='ltr'><strong>εἰρημένος</strong></span> <span class='ocrx_word' id='word_1_81' title='bbox 840 1595 944 1678; x_wconf 86' lang='grc' dir='ltr'><strong>ἄρκιος</strong></span> <span class='ocrx_word' id='word_1_82' title='bbox 965 1593 1055 1659; x_wconf 85' lang='grc' dir='ltr'><strong>ἔστω.</strong></span> 
     </span>
     <span class='ocr_line' id='line_1_14' title="bbox 248 1676 1159 1764; baseline 0.003 -23"><span class='ocrx_word' id='word_1_83' title='bbox 248 1678 378 1763; x_wconf 84' lang='grc' dir='ltr'><strong>Μωρδς,</strong></span> <span class='ocrx_word' id='word_1_84' title='bbox 399 1676 433 1746; x_wconf 87' lang='grc' dir='ltr'><strong>ὃς</strong></span> <span class='ocrx_word' id='word_1_85' title='bbox 456 1679 521 1741; x_wconf 82' lang='grc' dir='ltr'><strong>εἷλε</strong></span> <span class='ocrx_word' id='word_1_86' title='bbox 543 1679 576 1742; x_wconf 85' lang='grc' dir='ltr'><strong>τδ</strong></span> <span class='ocrx_word' id='word_1_87' title='bbox 596 1683 712 1764; x_wconf 84' lang='grc' dir='ltr'><strong>χεῖρον,</strong></span> <span class='ocrx_word' id='word_1_88' title='bbox 739 1679 882 1763; x_wconf 83' lang='grc' dir='ltr'><strong>ἀμεινοτέ</strong></span> <span class='ocrx_word' id='word_1_89' title='bbox 903 1702 945 1743; x_wconf 89' lang='grc' dir='ltr'><strong>ων</strong></span> <span class='ocrx_word' id='word_1_90' title='bbox 969 1679 1159 1764; x_wconf 83' lang='grc' dir='ltr'><strong>παρεόντων.</strong></span> 
     </span>
     <span class='ocr_line' id='line_1_15' title="bbox 248 1703 1097 1846; baseline 0.001 -19"><span class='ocrx_word' id='word_1_91' title='bbox 248 1761 332 1832; x_wconf 82' lang='grc' dir='ltr'><strong>Ναῡς</strong></span> <span class='ocrx_word' id='word_1_92' title='bbox 357 1761 393 1825; x_wconf 76' lang='grc' dir='ltr'><strong>δέ</strong></span> <span class='ocrx_word' id='word_1_93' title='bbox 412 1783 455 1828; x_wconf 87' lang='grc' dir='ltr'><strong>τις</strong></span> <span class='ocrx_word' id='word_1_94' title='bbox 479 1760 641 1846; x_wconf 83' lang='grc' dir='ltr'><strong>ὠκύπορος</strong></span> <span class='ocrx_word' id='word_1_95' title='bbox 661 1763 707 1827; x_wconf 89' lang='grc' dir='ltr'><strong>Σα</strong></span> <span class='ocrx_word' id='word_1_96' title='bbox 734 1765 764 1826; x_wconf 88' lang='grc' dir='ltr'><strong>ία</strong></span> <span class='ocrx_word' id='word_1_97' title='bbox 787 1766 840 1832; x_wconf 88' lang='grc' dir='ltr'><strong>ύδς</strong></span> <span class='ocrx_word' id='word_1_98' title='bbox 863 1703 946 1831; x_wconf 75' lang='grc' dir='ltr'><strong>εύδος</strong></span> <span class='ocrx_word' id='word_1_99' title='bbox 968 1763 986 1827; x_wconf 85' lang='grc' dir='ltr'>ἔ</span> <span class='ocrx_word' id='word_1_100' title='bbox 1007 1787 1097 1829; x_wconf 90' lang='grc' dir='ltr'><strong>ουσα.</strong></span> 
     </span>
     <span class='ocr_line' id='line_1_16' title="bbox 248 1788 1104 1933; baseline 0.004 -22"><span class='ocrx_word' id='word_1_101' title='bbox 248 1845 360 1933; x_wconf 81' lang='grc' dir='ltr'><strong>Νεβρὲ,</strong></span> <span class='ocrx_word' id='word_1_102' title='bbox 380 1850 480 1931; x_wconf 78' lang='grc' dir='ltr'><strong>κρεῶν</strong></span> <span class='ocrx_word' id='word_1_103' title='bbox 502 1847 544 1929; x_wconf 81' lang='grc' dir='ltr'><strong>μὴ</strong></span> <span class='ocrx_word' id='word_1_104' title='bbox 566 1852 676 1932; x_wconf 83' lang='grc' dir='ltr'><strong>μοῖραν</strong></span> <span class='ocrx_word' id='word_1_105' title='bbox 697 1852 769 1913; x_wconf 88' lang='grc' dir='ltr'><strong>ελευ</strong></span> <span class='ocrx_word' id='word_1_106' title='bbox 793 1849 952 1912; x_wconf 78' lang='grc' dir='ltr'><strong>κατέναντι</strong></span> <span class='ocrx_word' id='word_1_107' title='bbox 971 1788 1104 1920; x_wconf 58' lang='grc' dir='ltr'><strong>λύοντας.</strong></span> 
     </span>
     <span class='ocr_line' id='line_1_17' title="bbox 248 1930 997 2019; baseline -0.005 -21"><span class='ocrx_word' id='word_1_108' title='bbox 248 1933 369 2015; x_wconf 81' lang='grc' dir='ltr'><strong>Νεκρού</strong></span> <span class='ocrx_word' id='word_1_109' title='bbox 392 1935 482 2013; x_wconf 78' lang='grc' dir='ltr'><strong>σῶμα</strong></span> <span class='ocrx_word' id='word_1_110' title='bbox 503 1930 627 2001; x_wconf 76' lang='grc' dir='ltr'><strong>λέοντος</strong></span> <span class='ocrx_word' id='word_1_111' title='bbox 650 1933 850 2019; x_wconf 80' lang='grc' dir='ltr'><strong>ἐφυβρίζουσι</strong></span> <span class='ocrx_word' id='word_1_112' title='bbox 870 1934 997 2014; x_wconf 89' lang='grc' dir='ltr'><strong>λαγωοί.</strong></span> 
     </span>
     <span class='ocr_line' id='line_1_18' title="bbox 247 2016 1031 2146; baseline -0.005 -64"><span class='ocrx_word' id='word_1_113' title='bbox 247 2016 373 2100; x_wconf 83' lang='grc' dir='ltr'><strong>Νεύραί</strong></span> <span class='ocrx_word' id='word_1_114' title='bbox 394 2038 444 2078; x_wconf 89' lang='grc' dir='ltr'><strong>σοι</strong></span> <span class='ocrx_word' id='word_1_115' title='bbox 466 2021 577 2146; x_wconf 79' lang='grc' dir='ltr'><strong>νεύρων</strong></span> <span class='ocrx_word' id='word_1_116' title='bbox 598 2017 760 2096; x_wconf 80' lang='grc' dir='ltr'><strong>ἐνιαύσιος,</strong></span> <span class='ocrx_word' id='word_1_117' title='bbox 784 2019 866 2080; x_wconf 80' lang='grc' dir='ltr'><strong>ὥστε</strong></span> <span class='ocrx_word' id='word_1_118' title='bbox 886 2018 1031 2102; x_wconf 79' lang='grc' dir='ltr'><strong>χελιδών.</strong></span> 
     </span>
     <span class='ocr_line' id='line_1_19' title="bbox 248 2100 1063 2186; baseline -0.004 -20"><span class='ocrx_word' id='word_1_119' title='bbox 248 2101 376 2186; x_wconf 81' lang='grc' dir='ltr'><strong>Νήπιος,</strong></span> <span class='ocrx_word' id='word_1_120' title='bbox 398 2100 432 2168; x_wconf 86' lang='grc' dir='ltr'><strong>δς</strong></span> <span class='ocrx_word' id='word_1_121' title='bbox 450 2122 570 2183; x_wconf 77' lang='grc' dir='ltr'><strong>πατ.ρα</strong></span> <span class='ocrx_word' id='word_1_122' title='bbox 593 2125 645 2165; x_wconf 87' lang='grc' dir='ltr'><strong>κτε</strong></span> <span class='ocrx_word' id='word_1_123' title='bbox 659 2124 721 2180; x_wconf 89' lang='grc' dir='ltr'><strong>νας,</strong></span> <span class='ocrx_word' id='word_1_124' title='bbox 743 2104 856 2170; x_wconf 84' lang='grc' dir='ltr'><strong>παῖδας</strong></span> <span class='ocrx_word' id='word_1_125' title='bbox 876 2102 1063 2165; x_wconf 87' lang='grc' dir='ltr'><strong>καταλείπει.</strong></span> 
     </span>
     <span class='ocr_line' id='line_1_20' title="bbox 248 2181 1063 2270; baseline 0 -20"><span class='ocrx_word' id='word_1_126' title='bbox 248 2185 377 2270; x_wconf 81' lang='grc' dir='ltr'><strong>Νήπιος,</strong></span> <span class='ocrx_word' id='word_1_127' title='bbox 398 2184 433 2253; x_wconf 88' lang='grc' dir='ltr'><strong>ὃς</strong></span> <span class='ocrx_word' id='word_1_128' title='bbox 453 2184 491 2247; x_wconf 84' lang='grc' dir='ltr'><strong>τὰ</strong></span> <span class='ocrx_word' id='word_1_129' title='bbox 513 2181 622 2269; x_wconf 80' lang='grc' dir='ltr'><strong>ἕτοιμα</strong></span> <span class='ocrx_word' id='word_1_130' title='bbox 643 2189 750 2264; x_wconf 82' lang='grc' dir='ltr'><strong>λιπὼν,</strong></span> <span class='ocrx_word' id='word_1_131' title='bbox 776 2186 923 2269; x_wconf 81' lang='grc' dir='ltr'><strong>ἀνέτοιμα</strong></span> <span class='ocrx_word' id='word_1_132' title='bbox 946 2187 1063 2250; x_wconf 82' lang='grc' dir='ltr'><strong>διώκει.</strong></span> 
     </span>
     <span class='ocr_line' id='line_1_21' title="bbox 163 2268 1139 2355; baseline 0.004 -23"><span class='ocrx_word' id='word_1_133' title='bbox 163 2311 164 2318; x_wconf 43' lang='lat'>1</span> <span class='ocrx_word' id='word_1_134' title='bbox 243 2269 280 2336; x_wconf 80' lang='lat'><strong>‘0</strong></span> <span class='ocrx_word' id='word_1_135' title='bbox 303 2268 385 2338; x_wconf 81' lang='grc' dir='ltr'><strong>Ζεὺς</strong></span> <span class='ocrx_word' id='word_1_136' title='bbox 406 2269 527 2332; x_wconf 84' lang='grc' dir='ltr'><strong>ἄλλοκα</strong></span> <span class='ocrx_word' id='word_1_137' title='bbox 549 2272 604 2354; x_wconf 84' lang='grc' dir='ltr'><strong>μὲν</strong></span> <span class='ocrx_word' id='word_1_138' title='bbox 626 2271 715 2335; x_wconf 80' lang='grc' dir='ltr'><strong>πόλει</strong></span> <span class='ocrx_word' id='word_1_139' title='bbox 737 2270 866 2355; x_wconf 72' lang='grc' dir='ltr'><strong>αἴθριος,</strong></span> <span class='ocrx_word' id='word_1_140' title='bbox 887 2269 1007 2334; x_wconf 85' lang='grc' dir='ltr'><strong>ἀλλοκα</strong></span> <span class='ocrx_word' id='word_1_141' title='bbox 1030 2271 1061 2334; x_wconf 80' lang='grc' dir='ltr'><strong>δ’</strong></span> <span class='ocrx_word' id='word_1_142' title='bbox 1082 2273 1139 2336; x_wconf 82' lang='grc' dir='ltr'><strong>ύει.</strong></span> 
     </span>
     <span class='ocr_line' id='line_1_22' title="bbox 248 2353 1098 2441; baseline -0.001 -21"><span class='ocrx_word' id='word_1_143' title='bbox 248 2353 285 2420; x_wconf 79' lang='grc' dir='ltr'><strong>Οἱ</strong></span> <span class='ocrx_word' id='word_1_144' title='bbox 304 2354 392 2438; x_wconf 72' lang='grc' dir='ltr'><strong>αύτῷ</strong></span> <span class='ocrx_word' id='word_1_145' title='bbox 416 2353 496 2418; x_wconf 83' lang='grc' dir='ltr'><strong>κακὰ</strong></span> <span class='ocrx_word' id='word_1_146' title='bbox 517 2355 621 2440; x_wconf 88' lang='grc' dir='ltr'><strong>τεύχει</strong></span> <span class='ocrx_word' id='word_1_147' title='bbox 643 2357 732 2440; x_wconf 86' lang='grc' dir='ltr'><strong>ἀνὴρ,</strong></span> <span class='ocrx_word' id='word_1_148' title='bbox 759 2356 845 2441; x_wconf 85' lang='grc' dir='ltr'><strong>ἀλλιρ</strong></span> <span class='ocrx_word' id='word_1_149' title='bbox 866 2355 947 2418; x_wconf 79' lang='grc' dir='ltr'><strong>κακὰ</strong></span> <span class='ocrx_word' id='word_1_150' title='bbox 968 2357 1098 2440; x_wconf 90' lang='grc' dir='ltr'><strong>τεύχων.</strong></span> 
     </span>
     <span class='ocr_line' id='line_1_23' title="bbox 163 2437 1144 2526; baseline 0 -22"><span class='ocrx_word' id='word_1_151' title='bbox 163 2499 164 2512; x_wconf 67' lang='grc'><strong>,</strong></span> <span class='ocrx_word' id='word_1_152' title='bbox 248 2437 285 2504; x_wconf 83' lang='grc' dir='ltr'><strong>Οἳ</strong></span> <span class='ocrx_word' id='word_1_153' title='bbox 306 2439 431 2500; x_wconf 89' lang='grc' dir='ltr'><strong>πίνουσι</strong></span> <span class='ocrx_word' id='word_1_154' title='bbox 452 2437 544 2521; x_wconf 89' lang='grc' dir='ltr'><strong>μόνον</strong></span> <span class='ocrx_word' id='word_1_155' title='bbox 569 2441 733 2526; x_wconf 83' lang='grc' dir='ltr'><strong>βατράχων</strong></span> <span class='ocrx_word' id='word_1_156' title='bbox 755 2441 879 2524; x_wconf 88' lang='grc' dir='ltr'><strong>τρόπον,</strong></span> <span class='ocrx_word' id='word_1_157' title='bbox 903 2440 995 2502; x_wconf 79' lang='grc' dir='ltr'><strong>οὐδὲν</strong></span> <span class='ocrx_word' id='word_1_158' title='bbox 1014 2439 1144 2509; x_wconf 83' lang='grc' dir='ltr'><strong>ἔδοντες.</strong></span> 
     </span>
     <span class='ocr_line' id='line_1_24' title="bbox 248 2521 1077 2610; baseline 0.002 -24"><span class='ocrx_word' id='word_1_159' title='bbox 248 2521 338 2592; x_wconf 79' lang='grc' dir='ltr'><strong>[λίνος</strong></span> <span class='ocrx_word' id='word_1_160' title='bbox 361 2523 413 2586; x_wconf 87' lang='grc' dir='ltr'><strong>καὶ</strong></span> <span class='ocrx_word' id='word_1_161' title='bbox 435 2523 622 2607; x_wconf 84' lang='grc' dir='ltr'><strong>φρονέοντας</strong></span> <span class='ocrx_word' id='word_1_162' title='bbox 643 2525 674 2593; x_wconf 81' lang='grc' dir='ltr'><strong>ἐς</strong></span> <span class='ocrx_word' id='word_1_163' title='bbox 696 2525 875 2610; x_wconf 78' lang='grc' dir='ltr'><strong>ἀφροσύνην</strong></span> <span class='ocrx_word' id='word_1_164' title='bbox 898 2525 1077 2609; x_wconf 82' lang='grc' dir='ltr'><strong>ἀναβάλλει.</strong></span> 
     </span>
     <span class='ocr_line' id='line_1_25' title="bbox 247 2606 1176 2694; baseline 0 -22"><span class='ocrx_word' id='word_1_165' title='bbox 247 2606 337 2676; x_wconf 84' lang='grc' dir='ltr'><strong>Οἶνός</strong></span> <span class='ocrx_word' id='word_1_166' title='bbox 360 2630 408 2670; x_wconf 89' lang='grc' dir='ltr'><strong>τοι</strong></span> <span class='ocrx_word' id='word_1_167' title='bbox 426 2607 563 2692; x_wconf 87' lang='grc' dir='ltr'><strong>χαρίεντι</strong></span> <span class='ocrx_word' id='word_1_168' title='bbox 581 2609 669 2672; x_wconf 86' lang='grc' dir='ltr'><strong>πέλει</strong></span> <span class='ocrx_word' id='word_1_169' title='bbox 692 2610 788 2694; x_wconf 87' lang='grc' dir='ltr'><strong>ταχδς</strong></span> <span class='ocrx_word' id='word_1_170' title='bbox 808 2609 899 2677; x_wconf 78' lang='grc' dir='ltr'><strong>ἵππος</strong></span> <span class='ocrx_word' id='word_1_171' title='bbox 922 2611 1029 2694; x_wconf 77' lang='grc' dir='ltr'><strong>ἀοιδῷ.</strong></span> <span class='ocrx_word' id='word_1_172' title='bbox 1172 2610 1176 2619; x_wconf 72' lang='grc'><em>“</em></span> 
     </span>
     <span class='ocr_line' id='line_1_26' title="bbox 240 2687 1232 2779; baseline 0.002 -24"><span class='ocrx_word' id='word_1_173' title='bbox 240 2687 344 2761; x_wconf 89' lang='grc' dir='ltr'><strong>Ὅστις</strong></span> <span class='ocrx_word' id='word_1_174' title='bbox 365 2691 540 2775; x_wconf 77' lang='grc' dir='ltr'><strong>Ἀθηναίων</strong></span> <span class='ocrx_word' id='word_1_175' title='bbox 563 2695 689 2776; x_wconf 79' lang='grc' dir='ltr'><strong>ἀγαδδς,</strong></span> <span class='ocrx_word' id='word_1_176' title='bbox 709 2695 822 2779; x_wconf 80' lang='grc' dir='ltr'><strong>σφόδρ’</strong></span> <span class='ocrx_word' id='word_1_177' title='bbox 844 2695 907 2761; x_wconf 80' lang='grc' dir='ltr'><strong>ἐστὶ</strong></span> <span class='ocrx_word' id='word_1_178' title='bbox 927 2699 1074 2763; x_wconf 81' lang='grc' dir='ltr'><strong>τοιοῦτος.</strong></span> <span class='ocrx_word' id='word_1_179' title='bbox 1230 2748 1232 2757; x_wconf 80' lang='grc'>,</span> 
     </span>
     <span class='ocr_line' id='line_1_27' title="bbox 240 2772 1156 2862; baseline 0.002 -21"><span class='ocrx_word' id='word_1_180' title='bbox 240 2772 336 2855; x_wconf 88' lang='grc' dir='ltr'><strong>Ὅ,ττι</strong></span> <span class='ocrx_word' id='word_1_181' title='bbox 358 2778 454 2861; x_wconf 85' lang='grc' dir='ltr'><strong>καλδν</strong></span> <span class='ocrx_word' id='word_1_182' title='bbox 469 2778 558 2862; x_wconf 90' lang='grc' dir='ltr'><strong>φίλον</strong></span> <span class='ocrx_word' id='word_1_183' title='bbox 574 2779 651 2841; x_wconf 84' lang='grc' dir='ltr'><strong>ἐστὶ·</strong></span> <span class='ocrx_word' id='word_1_184' title='bbox 671 2781 705 2843; x_wconf 90' lang='grc' dir='ltr'><strong>τδ</strong></span> <span class='ocrx_word' id='word_1_185' title='bbox 719 2780 750 2842; x_wconf 76' lang='grc' dir='ltr'><strong>δ’</strong></span> <span class='ocrx_word' id='word_1_186' title='bbox 767 2780 804 2843; x_wconf 87' lang='grc' dir='ltr'><strong>οὐ</strong></span> <span class='ocrx_word' id='word_1_187' title='bbox 820 2781 914 2844; x_wconf 84' lang='grc' dir='ltr'><strong>καλὸν</strong></span> <span class='ocrx_word' id='word_1_188' title='bbox 929 2779 965 2841; x_wconf 82' lang='grc' dir='ltr'><strong>οδ</strong></span> <span class='ocrx_word' id='word_1_189' title='bbox 979 2780 1068 2862; x_wconf 84' lang='grc' dir='ltr'><strong>φιλον</strong></span> <span class='ocrx_word' id='word_1_190' title='bbox 1084 2781 1156 2845; x_wconf 81' lang='grc' dir='ltr'><strong>ἐστί.</strong></span> 
     </span>
     <span class='ocr_line' id='line_1_28' title="bbox 247 2858 1156 2950; baseline 0.003 -24"><span class='ocrx_word' id='word_1_191' title='bbox 247 2858 290 2926; x_wconf 86' lang='grc' dir='ltr'><strong>Ού</strong></span> <span class='ocrx_word' id='word_1_192' title='bbox 312 2862 374 2944; x_wconf 80' lang='grc' dir='ltr'><strong>γὰρ</strong></span> <span class='ocrx_word' id='word_1_193' title='bbox 393 2863 516 2926; x_wconf 83' lang='grc' dir='ltr'><strong>πώποτ’</strong></span> <span class='ocrx_word' id='word_1_194' title='bbox 531 2863 607 2947; x_wconf 78' lang='grc' dir='ltr'><strong>ἐμὰς</strong></span> <span class='ocrx_word' id='word_1_195' title='bbox 620 2865 694 2950; x_wconf 80' lang='grc' dir='ltr'><strong>βοῦς</strong></span> <span class='ocrx_word' id='word_1_196' title='bbox 706 2863 838 2947; x_wconf 76' lang='grc' dir='ltr'><strong>ἤλασαν,</strong></span> <span class='ocrx_word' id='word_1_197' title='bbox 856 2863 1021 2928; x_wconf 74' lang='grc' dir='ltr'><strong>οὐδέποθ’</strong></span> <span class='ocrx_word' id='word_1_198' title='bbox 1036 2864 1156 2936; x_wconf 76' lang='grc' dir='ltr'><strong>ἵππους.</strong></span> 
     </span>
     <span class='ocr_line' id='line_1_29' title="bbox 247 2945 1097 3033; baseline 0.001 -23"><span class='ocrx_word' id='word_1_199' title='bbox 247 2945 291 3010; x_wconf 63' lang='lat' dir='ltr'><strong>Of»</strong></span> <span class='ocrx_word' id='word_1_200' title='bbox 315 2947 352 3009; x_wconf 76' lang='grc' dir='ltr'><strong>δὲ</strong></span> <span class='ocrx_word' id='word_1_201' title='bbox 373 2947 456 3010; x_wconf 92' lang='grc' dir='ltr'><strong>κύων</strong></span> <span class='ocrx_word' id='word_1_202' title='bbox 481 2946 516 3010; x_wconf 85' lang='grc' dir='ltr'><strong>ἀν</strong></span> <span class='ocrx_word' id='word_1_203' title='bbox 541 2952 743 3033; x_wconf 89' lang='grc' dir='ltr'><strong>σκυτοφαγεῖν</strong></span> <span class='ocrx_word' id='word_1_204' title='bbox 768 2947 919 3012; x_wconf 90' lang='grc' dir='ltr'><strong>παύσαιτο</strong></span> <span class='ocrx_word' id='word_1_205' title='bbox 943 2947 1097 3030; x_wconf 82' lang='grc' dir='ltr'><strong>μαδοῦσα.</strong></span> 
     </span>
     <span class='ocr_line' id='line_1_30' title="bbox 247 3029 1092 3118; baseline 0.001 -23"><span class='ocrx_word' id='word_1_206' title='bbox 247 3029 348 3095; x_wconf 81' lang='grc' dir='ltr'><strong>Οὐδὲ</strong></span> <span class='ocrx_word' id='word_1_207' title='bbox 371 3030 569 3113; x_wconf 81' lang='grc' dir='ltr'><strong>Συρακοσίων</strong></span> <span class='ocrx_word' id='word_1_208' title='bbox 595 3033 723 3115; x_wconf 82' lang='grc' dir='ltr'><strong>δεκάτην</strong></span> <span class='ocrx_word' id='word_1_209' title='bbox 746 3032 907 3118; x_wconf 77' lang='grc' dir='ltr'><strong>κολοφῶν’</strong></span> <span class='ocrx_word' id='word_1_210' title='bbox 931 3033 1092 3116; x_wconf 77' lang='grc' dir='ltr'><strong>ἐπέθηκεν.</strong></span> 
     </span>
     <span class='ocr_line' id='line_1_31' title="bbox 247 3113 1155 3203; baseline 0.001 -25"><span class='ocrx_word' id='word_1_211' title='bbox 247 3113 291 3179; x_wconf 83' lang='grc' dir='ltr'><strong>Ού</strong></span> <span class='ocrx_word' id='word_1_212' title='bbox 316 3114 451 3198; x_wconf 88' lang='grc' dir='ltr'><strong>δύναμαι</strong></span> <span class='ocrx_word' id='word_1_213' title='bbox 469 3116 521 3179; x_wconf 84' lang='grc' dir='ltr'><strong>τάν</strong></span> <span class='ocrx_word' id='word_1_214' title='bbox 540 3115 612 3202; x_wconf 80' lang='grc' dir='ltr'><strong>αἶγα</strong></span> <span class='ocrx_word' id='word_1_215' title='bbox 634 3116 753 3202; x_wconf 76' lang='grc' dir='ltr'><strong>φέρειν·</strong></span> <span class='ocrx_word' id='word_1_216' title='bbox 778 3118 813 3180; x_wconf 83' lang='grc' dir='ltr'><strong>σὺ</strong></span> <span class='ocrx_word' id='word_1_217' title='bbox 835 3119 870 3180; x_wconf 79' lang='grc' dir='ltr'><strong>δὲ</strong></span> <span class='ocrx_word' id='word_1_218' title='bbox 883 3119 956 3203; x_wconf 82' lang='grc' dir='ltr'><strong>βοδν</strong></span> <span class='ocrx_word' id='word_1_219' title='bbox 972 3118 1155 3201; x_wconf 82' lang='grc' dir='ltr'><strong>ἐπιβάλλεις.</strong></span> 
     </span>
     <span class='ocr_line' id='line_1_32' title="bbox 247 3196 1098 3287; baseline -0.002 -23"><span class='ocrx_word' id='word_1_220' title='bbox 247 3196 290 3264; x_wconf 85' lang='grc' dir='ltr'><strong>Οὐ</strong></span> <span class='ocrx_word' id='word_1_221' title='bbox 339 3198 420 3262; x_wconf 83' lang='grc' dir='ltr'><strong>έντοι</strong></span> <span class='ocrx_word' id='word_1_222' title='bbox 441 3201 525 3284; x_wconf 84' lang='grc' dir='ltr'><strong>παρὰ</strong></span> <span class='ocrx_word' id='word_1_223' title='bbox 544 3201 650 3285; x_wconf 87' lang='grc' dir='ltr'><strong>κωφδν</strong></span> <span class='ocrx_word' id='word_1_224' title='bbox 674 3203 690 3265; x_wconf 89' lang='grc' dir='ltr'><strong>ό</strong></span> <span class='ocrx_word' id='word_1_225' title='bbox 711 3203 827 3287; x_wconf 86' lang='grc' dir='ltr'><strong>τυφλὸς</strong></span> <span class='ocrx_word' id='word_1_226' title='bbox 849 3201 932 3266; x_wconf 87' lang='grc' dir='ltr'><strong>ἔοικε</strong></span> <span class='ocrx_word' id='word_1_227' title='bbox 955 3203 1098 3282; x_wconf 80' lang='grc' dir='ltr'><strong>λαλῆσαι.</strong></span> 
     </span>
     <span class='ocr_line' id='line_1_33' title="bbox 247 3224 1091 3371; baseline 0 -26"><span class='ocrx_word' id='word_1_228' title='bbox 247 3224 346 3346; x_wconf 58' lang='grc' dir='ltr'><strong>Οὐδάν</strong></span> <span class='ocrx_word' id='word_1_229' title='bbox 370 3284 403 3346; x_wconf 82' lang='grc' dir='ltr'><strong>ἐν</strong></span> <span class='ocrx_word' id='word_1_230' title='bbox 424 3284 600 3369; x_wconf 77' lang='grc' dir='ltr'><strong>ἀνθρώποις</strong></span> <span class='ocrx_word' id='word_1_231' title='bbox 620 3287 947 3371; x_wconf 85' lang='grc' dir='ltr'><strong>ἀπεραντολογύτερον</strong></span> <span class='ocrx_word' id='word_1_232' title='bbox 971 3284 1091 3368; x_wconf 86' lang='grc' dir='ltr'><strong>ἀνδρός.</strong></span> 
     </span>
     <span class='ocr_line' id='line_1_34' title="bbox 248 3365 1048 3455; baseline -0.001 -24"><span class='ocrx_word' id='word_1_233' title='bbox 248 3365 311 3432; x_wconf 83' lang='grc' dir='ltr'><strong>Οὐκ</strong></span> <span class='ocrx_word' id='word_1_234' title='bbox 332 3367 368 3431; x_wconf 82' lang='grc' dir='ltr'><strong>ἂν</strong></span> <span class='ocrx_word' id='word_1_235' title='bbox 391 3370 534 3452; x_wconf 78' lang='grc' dir='ltr'><strong>ποιήσαις</strong></span> <span class='ocrx_word' id='word_1_236' title='bbox 551 3373 585 3435; x_wconf 85' lang='grc' dir='ltr'><strong>τὸ</strong></span> <span class='ocrx_word' id='word_1_237' title='bbox 608 3371 789 3455; x_wconf 84' lang='grc' dir='ltr'><strong>τετυγμένον</strong></span> <span class='ocrx_word' id='word_1_238' title='bbox 809 3371 887 3434; x_wconf 80' lang='grc' dir='ltr'><strong>εἶναι</strong></span> <span class='ocrx_word' id='word_1_239' title='bbox 911 3371 1048 3435; x_wconf 81' lang='grc' dir='ltr'><strong>ἄτακτον.</strong></span> 
     </span>
     <span class='ocr_line' id='line_1_35' title="bbox 248 3449 980 3539; baseline 0.003 -23"><span class='ocrx_word' id='word_1_240' title='bbox 248 3449 311 3516; x_wconf 79' lang='grc' dir='ltr'><strong>Οὐκ</strong></span> <span class='ocrx_word' id='word_1_241' title='bbox 333 3451 380 3516; x_wconf 83' lang='grc' dir='ltr'><strong>ἔτι</strong></span> <span class='ocrx_word' id='word_1_242' title='bbox 399 3455 598 3535; x_wconf 83' lang='grc' dir='ltr'><strong>γινώσκουσιν</strong></span> <span class='ocrx_word' id='word_1_243' title='bbox 618 3455 782 3539; x_wconf 79' lang='grc' dir='ltr'><strong>Ἀθηναῖοι</strong></span> <span class='ocrx_word' id='word_1_244' title='bbox 802 3453 980 3539; x_wconf 81' lang='grc' dir='ltr'><strong>Μεγαρῆας.</strong></span> 
     </span>
     <span class='ocr_line' id='line_1_36' title="bbox 247 3534 1078 3644; baseline 0.002 -45"><span class='ocrx_word' id='word_1_245' title='bbox 247 3534 311 3600; x_wconf 82' lang='grc' dir='ltr'><strong>Οὐκ</strong></span> <span class='ocrx_word' id='word_1_246' title='bbox 331 3537 426 3644; x_wconf 80' lang='grc' dir='ltr'><strong>ἐχρῆν</strong></span> <span class='ocrx_word' id='word_1_247' title='bbox 451 3537 539 3624; x_wconf 78' lang='grc' dir='ltr'><strong>ίχδδν</strong></span> <span class='ocrx_word' id='word_1_248' title='bbox 561 3540 764 3624; x_wconf 87' lang='grc' dir='ltr'><strong>ἀποκείμενον</strong></span> <span class='ocrx_word' id='word_1_249' title='bbox 788 3539 831 3606; x_wconf 84' lang='grc' dir='ltr'><strong>εἰς</strong></span> <span class='ocrx_word' id='word_1_250' title='bbox 853 3539 946 3622; x_wconf 84' lang='grc' dir='ltr'><strong>μέσον</strong></span> <span class='ocrx_word' id='word_1_251' title='bbox 969 3540 1078 3603; x_wconf 82' lang='grc' dir='ltr'><strong>ἕλκειν.</strong></span> 
     </span>
     <span class='ocr_line' id='line_1_37' title="bbox 248 3617 1034 3709; baseline 0.004 -25"><span class='ocrx_word' id='word_1_252' title='bbox 248 3617 314 3706; x_wconf 82' lang='grc' dir='ltr'><strong>Ούχ</strong></span> <span class='ocrx_word' id='word_1_253' title='bbox 336 3645 419 3686; x_wconf 91' lang='grc' dir='ltr'><strong>ουτω</strong></span> <span class='ocrx_word' id='word_1_254' title='bbox 441 3625 513 3708; x_wconf 85' lang='grc' dir='ltr'><strong>πυρὶ</strong></span> <span class='ocrx_word' id='word_1_255' title='bbox 532 3629 603 3709; x_wconf 81' lang='grc' dir='ltr'><strong>πύρ,</strong></span> <span class='ocrx_word' id='word_1_256' title='bbox 623 3626 674 3688; x_wconf 85' lang='grc' dir='ltr'><strong>καὶ</strong></span> <span class='ocrx_word' id='word_1_257' title='bbox 697 3624 780 3708; x_wconf 83' lang='grc' dir='ltr'><strong>σύκῳ</strong></span> <span class='ocrx_word' id='word_1_258' title='bbox 802 3627 893 3686; x_wconf 82' lang='grc' dir='ltr'><strong>σῦκον</strong></span> <span class='ocrx_word' id='word_1_259' title='bbox 915 3624 1034 3709; x_wconf 83' lang='grc' dir='ltr'><strong>ὅμοιον.</strong></span> 
     </span>
    </p>
   </div>
   <div class='ocr_carea' id='block_1_3' title="bbox 249 3702 1153 3796">
    <p class='ocr_par' dir='ltr' id='par_1_4' title="bbox 249 3702 1153 3796">
     <span class='ocr_line' id='line_1_38' title="bbox 249 3702 1153 3796; baseline 0.004 -26"><span class='ocrx_word' id='word_1_260' title='bbox 249 3702 325 3793; x_wconf 80' lang='grc' dir='ltr'><strong>Οὐχὶ</strong></span> <span class='ocrx_word' id='word_1_261' title='bbox 347 3706 447 3790; x_wconf 87' lang='grc' dir='ltr'><strong>λόγων</strong></span> <span class='ocrx_word' id='word_1_262' title='bbox 469 3709 567 3793; x_wconf 84' lang='grc' dir='ltr'><strong>ἀγορὰ</strong></span> <span class='ocrx_word' id='word_1_263' title='bbox 589 3706 848 3784; x_wconf 74' lang='grc' dir='ltr'><strong>δεῖθ’Ἓλλάδος,</strong></span> <span class='ocrx_word' id='word_1_264' title='bbox 873 3710 954 3774; x_wconf 83' lang='grc' dir='ltr'><strong>ἀλλά</strong></span> <span class='ocrx_word' id='word_1_265' title='bbox 974 3732 1022 3774; x_wconf 92' lang='grc' dir='ltr'><strong>τοι</strong></span> <span class='ocrx_word' id='word_1_266' title='bbox 1044 3708 1153 3796; x_wconf 77' lang='grc' dir='ltr'><strong>ἔργων.</strong></span> 
     </span>
    </p>
   </div>
   <div class='ocr_carea' id='block_1_4' title="bbox 0 0 1534 4492">
    <p class='ocr_par' dir='ltr' id='par_1_5' title="bbox 0 0 1534 4492">
     <span class='ocr_line' id='line_1_39' title="bbox 0 0 1534 4492; baseline 0 0"><span class='ocrx_word' id='word_1_267' title='bbox 0 0 1534 4492; x_wconf 95' lang='lat' dir='ltr'><strong> </strong></span> 
     </span>
    </p>
   </div>
  </div>
 </body>
</html>
