3059 4492
726 438 903 536 Aa„

305 613 355 666 10⁰
371 617 467 675 Pinus
490 627 611 672 tenaces
633 610 741 670 lubrici
760 613 867 688 dentes
886 612 967 682 freti,
1053 669 1056 673 J

372 701 511 761 Classem
532 697 686 772 expedibis
710 697 877 756 novitatem
897 717 917 754 a
938 697 1110 770 iactatibus,

370 787 411 846 Et
429 794 460 843 tu
481 785 603 843 virosae
621 781 736 858 praedo
758 782 866 840 iunicis
888 783 979 858 lupus

372 871 474 931 Orbae
498 869 623 926 duarum
640 867 701 924 iam
725 867 931 926 columbarum
950 866 1027 942 pari,

372 955 479 1015 Cassia
501 953 681 1031 peregrinae
702 951 734 1008 in
759 951 922 1011 secundam
943 951 1116 1028 indaginem

306 1042 356 1096 105
373 1041 461 1101 Ultro
483 1037 644 1096 incidentis
665 1038 790 1113 aucupis
816 1056 934 1112 pennae
954 1036 1035 1108 dolo,

371 1125 492 1201 Dapem
515 1123 719 1182 ambidentum
741 1141 837 1197 nuper
856 1122 888 1178 in
906 1122 1058 1196 crepidine
1097 1155 1100 1160 ·

371 1209 501 1269 Bacchis
521 1208 682 1266 cremantis
706 1214 795 1282 atquc
817 1207 904 1264 divae
924 1208 1092 1278 Albuneae,

373 1295 484 1355 Curres
506 1312 598 1371 super
619 1291 788 1352 Scandeam
810 1299 841 1349 et
862 1311 948 1350 arces
970 1291 1082 1369 Aegili,

372 1381 509 1438 Venator
535 1397 604 1435 acer
622 1377 735 1453 praeda
758 1377 860 1452 opima
879 1377 1044 1454 ganniens:

306 1455 569 1540 110Explensi1ue
591 1481 711 1520 amores
733 1462 764 1518 in
785 1461 938 1522 Draconis
959 1461 1060 1520 insula

374 1553 479 1620 Actae,
499 1548 634 1606 biformis
657 1546 728 1606 editi
748 1554 829 1604 terra
849 1547 968 1624 imperi,

373 1634 492 1692 Vanam
513 1632 644 1691 secundo
668 1651 731 1690 non
755 1632 871 1692 videbis
894 1633 1047 1703 Martiam,

374 1719 522 1778 Ulnarum
542 1717 664 1774 inanem
686 1717 847 1790 sarcinam,
871 1737 947 1794 eque
964 1716 1092 1776 somniis

373 1804 477 1861 Vacua
498 1811 598 1861 torum
621 1807 787 1860 nocturnus
809 1803 975 1880 explorans
998 1822 1099 1860 manu.

307 1895 357 1948 115
375 1888 455 1948 Nam
476 1898 506 1946 te
527 1887 715 1964 Phlegraeae
736 1887 798 1945 iam
822 1889 947 1945 maritus
972 1887 1109 1964 coniugis

374 1973 485 2033 Tristis
507 1973 657 2044 Toronae,
679 1972 835 2031 abdicator
855 1973 969 2032 risuum

373 2061 414 2119 Et
431 2059 644 2129 lacrumarum,
665 2076 794 2132 namque
814 2059 922 2130 nescit,
945 2066 976 2115 et
997 2067 1078 2115 caret

374 2145 522 2220 Utroque,
544 2143 596 2218 qui
620 2143 693 2200 olim
715 2142 879 2202 littoralem
903 2162 942 2200 ex
962 2143 1093 2200 Thracia

374 2228 509 2287 Facundi
529 2228 692 2304 opimatam
714 2226 846 2287 Melonis
867 2228 1006 2287 fluctibus

308 2318 358 2372 120
375 2313 507 2372 Humum
529 2322 693 2390 penetrans
712 2333 776 2370 non
795 2315 881 2371 11111111
905 2313 1042 2372 stlataria

374 2399 561 2475 Inhospitale
585 2398 640 2456 aed
659 2399 726 2470 iter,
746 2405 780 2455 ut
800 2398 910 2456 cubilia

376 2484 489 2542 Terrae
513 2485 545 2540 in
566 2483 733 2560 profundos
755 2483 841 2560 talpa
861 2481 1047 2558 pertundens
1071 2501 1195 2559 specus,

376 2570 534 2645 Quaerens
558 2587 698 2626 recessus
721 2568 753 2624 in
776 2569 914 2627 cavernis
934 2587 1106 2642 aequorum,
1152 2639 1155 2644 Ι

376 2653 555 2727 Cavensque
578 2660 667 2712 natos
689 2653 863 2729 perduelles
887 2653 1047 2728 hospitum,

308 2745 358 2799 115
375 2737 416 2796 Et
433 2737 599 2796 audiendas
623 2737 797 2814 supplicans
820 2739 901 2815 patri
917 2757 1024 2814 preces

373 2822 483 2881 Redux
504 2831 537 2879 ut
559 2823 616 2880 iret
639 2823 779 2899 patriam,
801 2824 881 2880 unde
904 2842 1054 2900 pervagus

334 2903 338 2912 ’
374 2909 501 2966 Matrem
523 2908 677 2985 gigantum
700 2908 837 2966 adiverat
857 2908 1042 2967 Palleniam:

374 2993 450 3052 Tete
472 2992 523 3050 illc
546 2991 670 3052 Guneus
697 3003 838 3068 quaestor
858 3012 952 3050 urnae
974 2993 1114 3067 vindicis,

350 3067 500 3156 'Sagaois
524 3078 693 3153 arbiterque
715 3077 797 3138 Solis
820 3079 900 3137 filiae

308 3169 358 3223 130
374 3163 434 3222 His
454 3163 568 3241 nuptiis
587 3162 720 3240 privabit
737 3163 866 3222 incilans
887 3164 1019 3239 probris,

372 3248 498 3307 Pellene
519 3250 556 3306 ab
579 3248 661 3306 omui
679 3248 744 3306 iure
768 3248 915 3324 prosedas
938 3249 1037 3325 lupae.

345 3353 348 3358 ·
375 3333 434 3406 Qui
456 3352 512 3392 nec
535 3333 612 3409 Lyci
632 3333 773 3410 sepulcra
790 3353 848 3392 nec
870 3333 1041 3392 Chimacrei

375 3418 576 3478 Oraculorum
598 3437 672 3477 voce
694 3427 874 3478 venerantes
896 3418 1018 3491 timens,

374 3503 441 3562 Nec
462 3503 623 3563 illecebras
645 3503 768 3576 Anthei,
786 3510 847 3562 'nec
868 3503 1023 3580 hospitum

308 3596 358 3651 135
374 3587 497 3665 Dapum
519 3588 666 3662 sodalem,
686 3589 782 3646 filium
808 3588 914 3661 Consi,
935 3588 1041 3661 salem,

375 3671 476 3730 Deum
498 3673 594 3733 tulisti
615 3673 768 3732 transilire
791 3674 939 3752 sagmina,
