3059 4492
680 459 877 579 'A

343 649 407 713 Sed
427 651 547 713 veniam
567 652 700 711 fortasse
721 659 825 712 meret.
849 672 907 710 non
928 651 1033 711 ultima
1055 669 1124 726 pars
1149 659 1196 710 est

388 737 513 810 Laudis,
531 737 563 794 in
585 737 774 798 Heiusiadae
796 736 908 814 scripta
926 736 1022 796 fuisse
1044 736 1130 794 libro.

425 909 472 967 15.
517 909 556 966 Ia
579 908 777 967 Moacoadum
793 907 912 964 Poetam
934 908 1183 983 Bardipalcaseat.

709 1002 781 1051 Nihil
797 1003 892 1051 fictum.

346 1071 589 1132 Summaenianis
610 1071 705 1131 Urbis
729 1074 759 1129 in
785 1073 964 1149 sepulcretis

344 1158 393 1216 Ad
411 1157 611 1233 prosedarum
632 1152 696 1214 uon
716 1157 841 1216 trioboli
860 1157 965 1230 lustra,

343 1242 446 1303 Media
470 1240 605 1302 Saburra
626 1242 799 1303 bustuarias
823 1242 914 1300 aedes

344 1327 532 1391 Moneaudus
552 1326 678 1399 habitat,
701 1330 768 1402 quis
792 1327 933 1404 sepulcra
954 1324 1093 1403 vespillo,

346 1413 424 1488 Quis
448 1418 616 1489 anteponat
637 1412 685 1469 vel
705 1411 873 1471 Gemonias
899 1418 1005 1470 tortor.

346 1496 429 1556 Situs
460 1497 516 1555 sed
536 1496 607 1556 illas
630 1497 880 1572 commodumque
904 1496 1104 1554 commendat:

345 1582 521 1640 Patentiore
539 1601 611 1639 uam
636 1582 775 1640 fruuntur
795 1590 930 1659 aspectu,

346 1666 413 1724 Nec
435 1666 500 1724 ulla
521 1685 629 1742 purum
650 1667 754 1744 tegula
773 1667 887 1725 invidet
910 1666 1037 1740 caelum,

345 1752 493 1827 Patetque
515 1759 619 1823 totum,
643 1751 732 1827 quale
753 1751 889 1810 Termini
914 1759 1034 1811 tectum.

346 1837 416 1895 Hoc
437 1837 558 1895 unicum
582 1844 630 1894 est
647 1836 788 1896 lacunar:
812 1838 901 1896 unica
921 1838 996 1894 hoec
1018 1835 1062 1894 illi

345 1922 495 1980 Fenestra
517 1920 600 1979 claro
623 1940 711 1979 mane
731 1923 833 1980 lumen
856 1923 994 1980 admittit.

347 2007 433 2064 Haec
450 2027 505 2083 pro
527 2006 638 2064 camini
658 2009 764 2083 pervio
788 2009 869 2081 tubo,
890 2008 991 2085 nigros

347 2092 538 2151 Transmittit
560 2098 647 2150 extra
670 2093 843 2170 transfugas
868 2093 933 2150 heri
954 2093 1064 2150 fumos

347 2177 433 2234 Haec
453 2197 506 2252 pro
527 2177 654 2253 pereuni
675 2177 772 2252 fonte,
792 2178 842 2252 qni
864 2177 973 2253 procul
993 2177 1095 2248 distat,

347 2263 485 2319 Laxante
504 2269 597 2318 totum
619 2263 752 2320 nimbido
774 2264 876 2320 Iovem
900 2263 994 2334 caele,

250 2364 253 2370 ·
347 2347 488 2404 Demittit
507 2366 601 2404 urnae
623 2356 733 2422 sponte
756 2348 872 2406 defluos
895 2349 1023 2406 imbres:

348 2431 551 2490 Tuscanicum
572 2430 619 2488 illi
637 2432 705 2503 hoc,
725 2433 783 2492 hoc
801 2433 973 2491 cavaedium
991 2442 1038 2491 est
1051 2431 1106 2492 illi.
1130 2483 1132 2486 ,

347 2516 402 2573 Nil
421 2517 556 2584 exeunti,
580 2515 623 2572 nil
645 2524 675 2573 et
699 2518 801 2575 obstat
820 2519 957 2576 intranti:

346 2599 420 2659 Nou
443 2601 599 2658 taediosae
621 2601 733 2676 pensili
752 2621 839 2659 mora
863 2603 974 2674 scalae,

347 2685 420 2743 Non
444 2685 586 2743 cochleae
608 2693 654 2743 tot
677 2685 831 2744 circularis
857 2687 1019 2758 anfractus,

347 2769 420 2828 Non
445 2770 589 2829 eminenti
609 2771 760 2831 structiles
784 2771 896 2848 gradus
923 2772 1021 2831 mole:

347 2856 404 2913 Est
424 2854 524 2914 facilis
547 2854 646 2913 aditus
669 2855 773 2928 limen,
795 2865 824 2913 et
844 2857 932 2933 pedis
948 2856 1042 2934 plani.

346 2940 408 2998 Pro
429 2959 578 2997 marmore
600 2940 682 3013 albo,
706 2941 976 3016 emblematumque
999 2941 1143 3014 tessellis,

347 3025 455 3084 Dorsis
474 3024 587 3100 iniquis
610 3028 697 3083 tuber
716 3033 764 3084 cst
787 3027 1003 3103 pavimentum,

348 3109 439 3185 Quod
460 3116 507 3172 ter
527 3111 698 3185 quotannis,
719 3111 847 3184 euthia,
867 3119 918 3169 aut
937 3112 1031 3170 semel
1056 3110 1161 3170 verrit:

346 3199 502 3255 Asaroton
522 3194 597 3251 illud
617 3197 753 3253 nomines
776 3195 847 3254 licet
871 3215 954 3255 sane.

347 3281 434 3343 Intus
453 3279 595 3356 supellex
617 3281 729 3358 excipit
751 3281 839 3339 domo
861 3281 962 3358 digna,

347 3364 429 3422 Hero
454 3365 594 3442 supellex
617 3365 721 3443 digna:
744 3366 836 3423 debili
859 3366 978 3442 sponda

347 3449 456 3524 Tripes
481 3453 636 3528 grabatus,
659 3450 814 3509 scandulis
838 3452 933 3510 tribus
956 3458 1063 3522 tectus,

251 3548 255 3552 ’
348 3534 409 3609 Qui
432 3534 620 3594 claudicante
640 3534 811 3595 semifultus
835 3536 866 3594 in
890 3555 1022 3606 suamne,

347 3619 519 3692 Delumbis‚
542 3629 572 3678 et
589 3602 727 3694 luxatns:
746 3621 880 3698 integros
900 3628 992 3679 noctu

347 3705 433 3764 Hero
452 3705 644 3781 periculosus
665 3706 780 3764 invidet
802 3723 935 3764 somnos.
