3059 4492
635 497 785 592 —152-

253 657 387 724 Οίκοθεν
412 662 430 723 ὁ
455 661 577 742 μάρτυς.
604 657 669 724 Οὐκ
690 660 762 724 ἄνευ
787 683 823 743 γε
843 653 983 743 Θησέως.

248 740 381 827 Ὀμνυσι
401 744 538 827 Λάμπων
558 749 650 830 χῆνα.
674 743 851 817 Παιζύντων
875 745 974 815 πόλις.

248 827 341 896 Ὀνος
366 829 398 890 ἐν
424 829 584 911 μελίτταις.
608 825 674 892 Οὐκ
698 828 771 893 ἄνευ
794 828 909 913 χρόνου
933 832 1031 912 φιλας.

251 911 341 981 Ὀνος
364 913 395 975 ἐν
420 913 571 996 πιθήκοις.
591 911 673 997 Πρδς
698 914 776 982 ύίλας
792 915 1014 998 ῆγορασμένος.

249 994 341 1065 Ὄνος
359 999 436 1081 πρὸς
456 996 562 1060 αὐλόν.
584 995 710 1080 Μικρὸς,
731 998 838 1082 ῆλίκος
858 996 985 1063 Μόλων.

250 1078 368 1167 Ὀρθὴν
394 1082 536 1168 βαδίζεις.
558 1079 598 1144 Ἡ
619 1084 740 1166 κορώνη
763 1083 893 1146 Δαυλία.

250 1163 381 1230 Ὀστοῦν
404 1164 501 1229 ἔνεστι
521 1171 566 1251 τιβ
586 1165 678 1248 λόγῳ.
697 1165 814 1249 Γοργδν
841 1166 957 1252 βλέπει.

254 1247 331 1315 Οὐδ’
350 1250 380 1312 ἐν
406 1251 534 1318 σελίνοις
557 1251 629 1313 ἐστί.
648 1249 733 1319 Βοῦς
751 1249 931 1320 Μολύττιος.

253 1333 300 1401 Ob
322 1335 405 1397 νυκτὶ
426 1337 549 1402 πλώεις.
568 1330 606 1398 Ὁ
627 1335 765 1417 πόλεμος
786 1336 907 1398 πάντων
929 1339 1038 1421 πατήρ.

253 1418 330 1486 Οὐδ’
354 1417 437 1501 ύναρ.
454 1415 493 1482 ‘O
515 1418 674 1488 δασύπους
693 1422 744 1483 τδν
765 1420 836 1503 περὶ
856 1425 954 1502 κρεῶν
976 1421 1089 1509 τρέχει.

254 1502 300 1570 Οὐ
321 1501 411 1578 Χῖος,
434 1502 515 1566 ἀλλὰ
536 1500 638 1572 Κῶος.
661 1503 816 1585 Αἰγύπτου
838 1505 944 1587 γάμος.

254 1585 320 1653 Οὐκ
343 1587 394 1649 ἐπὶ
412 1585 584 1670 Χαριξένης
606 1589 672 1651 τάδ’
698 1587 774 1651 ἔστ’.
796 1586 873 1656 Αἴας
894 1591 980 1673 γελᾷ.

253 1671 319 1737 Οὐκ
343 1669 431 1754 ἔργον
446 1672 557 1754 Ιέδρας.
577 1671 790 1756 Ἀποτράγημ’
811 1673 982 1742 ἀλώπεκος.

253 1754 319 1822 Οὐκ
340 1755 398 1818 οἷδ’
420 1755 436 1818 δ
455 1758 592 1840 κρώζεις.
614 1754 667 1839 Μὴ
710 1755 788 1828 άδιζ’
814 1755 886 1819 ἄνευ
900 1757 1012 1827 -Εύλου,

250 1838 377 1925 Ὀχλείς
400 1841 497 1923 μάτην
521 1863 559 1922 με
581 1840 655 1923 κῦμ’
679 1757 773 1909 ύέτως.
789 1838 899 1925 Ἔχεις
918 1846 1026 1924 γαλῆν.

252 1924 332 1992 Παῖς
350 1925 439 2008 πατρὶ
461 1923 553 2009 λύπη.
579 1924 700 2010 Πρᾶγμ’
724 1927 900 2008 ἀναγκαῖον,
922 1927 1027 1989 κακύν.

252 2006 444 2093 Παρεύρεσις
467 2008 612 2104 Θράκεγια.
636 2010 766 2095 Λέσβιος
785 2008 904 2094 πρύλις.
1002 2011 1165 2095 [θρρκίαί]

252 2093 377 2178 Πάρνυυ
402 2094 526 2177 σκάφος.
549 2092 713 2177 λρύτωνος
732 2094 915 2177 ὑγιέστερος.

252 2177 397 2260 Πάσητος
417 2179 605 2263 ῆμιώβολος.
627 2178 728 2262 Σκύτη
751 2177 869 2326 βλέπει.

160 2335 162 2344 Ι
250 2261 351 2346 Πηλιβ
373 2262 531 2344 καθαίρεις
551 2263 659 2346 πηλόν.
674 2261 733 2331 Ὗς
782 2264 899 2326 οιωτία.

160 2353 161 2362 ’
251 2345 425 2416 Πλεύσειας
448 2348 492 2414 είς
514 2343 675 2430 Τροιζῆνα.
698 2345 840 2430 Πέμματ’
861 2347 991 2410 Ἀττικοί.
1100 2359 1105 2368 “

252 2428 340 2515 Πλὴν
364 2429 458 2498 εἴτις
479 2430 559 2514 ὄρνις
580 2431 663 2494 οἶδεν
685 2429 845 2515 ἡμᾶςἛν
866 2433 945 2516 πρὸς
965 2432 1007 2494 έν.

251 2513 398 2598 Πόλεμος
419 2514 561 2598 ἄδακρυς.
577 2513 619 2578 Ἢ
642 2519 705 2601 τρὶς
727 2515 770 2590 ἓξ,
789 2517 809 2598 ῆ
831 2516 892 2600 τρίς
913 2515 1013 2600 κύβοι.

251 2597 365 2684 Πύρβω
390 2598 462 2668 Διός
487 2621 519 2662 τε
538 2601 589 2662 καὶ
609 2605 773 2686 κεραυνοῦ.
795 2599 886 2684 Μηδὲ
904 2605 971 2684 γρῦ.

250 2681 353 2752 Πότος
374 2685 512 2752 Λυκεῖος.
531 2683 675 2756 Ἀκεσίας
698 2687 815 2749 ἰάσατο.

250 2765 326 2853 Πρὶν
348 2769 368 2851 ῆ
393 2769 496 2831 πτίσαι
514 2767 659 2854 τάλευρα.
683 2768 742 2834 Τδν
768 2772 887 2855 φαλλὸν
908 2769 985 2855 θεῷ.

250 2848 440 2939 Προβάτειον
462 2852 549 2938 ῆθος.
568 2851 723 2939 Ἀρκάδας
747 2854 946 2938 μιμούμενος.

249 2932 335 3021 Πρὸς
354 2934 505 3020 Κώρυκον
526 2942 729 3023 γυμνάζομαι.
754 2939 855 3007 Λύκος
874 2941 990 3024 γανών.

249 3016 502 3106 Προσεγκαλοῦά
530 3023 559 3084 υἱ
580 3021 692 3106 φώρες.
714 3025 816 3106 Αἰγῶν
839 3014 986 3106 ὀνόματα.

248 3102 449 3190 Προσέληνος
464 3106 584 3189 Ἀρκάς.
613 3107 786 3192 Ἀκρύτητα
808 3107 961 3191 κύμβαλα.

248 3187 455 3276 Πτωχύτερος
472 3189 563 3273 Ἴρου.
587 3191 669 3277 Πρδς
693 3191 757 3254 δύω
781 3190 813 3255 δ’
836 3193 905 3255 οὐδ’
923 3189 1089 3277 Ἡρακλῆς.

249 3271 337 3358 Πυγῆ
359 3275 509 3358 γυναικός.
528 3272 567 3339 ‘0
588 3277 641 3340 διὰ
665 3274 828 3361 φρατόρων
848 3277 940 3339 κύων.

249 3355 398 3442 Πώγωνα
420 3361 541 3422 τιλλειν.
563 3358 633 3423 Ἐπὶ
653 3361 734 3445 θύρα
755 3362 810 3444 τήν
835 3361 949 3445 ὑδρίαν.

247 3439 422 3528 Σαλαμινία
445 3449 528 3512 ναῦς.
551 3444 655 3508 Πάντα
675 3445 763 3508 κοινὰ
785 3451 845 3507 τῶν
868 3445 976 3527 φίλων.
1066 3497 1074 3520 ,

247 3524 367 3612 Σάμιος
384 3530 530 3612 κομήτης.
552 3527 696 3598 Τενέδιος
719 3531 895 3614 συνήγορος.

248 3608 376 3682 Σικελός
398 3615 570 3680 θάλασσαν.
593 3610 647 3683 Εἰς
665 3616 756 3682 κυνδς
777 3614 876 3695 πυγὴν
899 3612 967 3696 ὅρα.

248 3692 393 3761 Σκυθιστὶ
417 3699 506 3760 πίνει.
527 3698 589 3780 Γῆν
613 3701 671 3783 πρὸ
694 3702 750 3782 γῆς
770 3697 940 3762 ἐλαύνεται.
