3059 4492
657 492 811 590 ...⁹2-

275 658 426 719 Nascenti
446 659 502 718 tibi
523 660 726 738 contigerunt,
743 671 779 720 nt
795 660 895 724 celsus
916 661 947 724 in
969 683 1039 724 aroc

274 744 400 820 Elequii
421 744 544 822 linguae
568 765 712 821 proceres
734 747 877 822 fandique
901 747 1012 824 peritos

275 831 360 889 Infra
379 838 410 887 te
431 830 547 906 positos
568 849 732 906 premeres.
754 842 839 892 trans
855 832 950 892 ardua
972 842 1091 894 vectum

275 914 321 974 'l'e
345 914 475 974 sublime
499 922 589 991 caput
612 916 692 994 vulgi
713 936 806 994 snper
826 932 880 974 ora
904 917 1051 980 ferentem

274 1003 303 1060 A
323 999 407 1076 vulgi
430 1007 520 1075 captu
538 999 649 1060 melior
670 1012 780 1062 natura
798 1001 934 1060 redemit.

273 1084 416 1144 Flumina
435 1092 468 1141 tu
491 1093 616 1161 poteras
639 1095 772 1149 ueterum
792 1087 923 1147 facunda
944 1087 1078 1146 virorum

274 1170 428 1242 Reddere,
451 1170 604 1231 sermonis
623 1172 732 1248 genios
752 1189 919 1236 conversus
941 1171 972 1230 in
994 1191 1109 1234 omnes.

275 1255 321 1313 Te
345 1261 477 1315 conante
497 1255 560 1314 oris
582 1256 661 1316 dites
686 1256 840 1318 effundere
864 1274 974 1314 census

275 1340 330 1398 Vis
342 1349 407 1397 tua
428 1338 626 1415 Sisyphiden,
650 1341 783 1401 brevitas
804 1349 981 1417 superasset
998 1341 1136 1416 Atriden,

274 1425 409 1485 Mellitos
431 1423 554 1500 Pylium
576 1426 702 1486 vicisset
722 1425 856 1488 Nestora
879 1444 986 1486 sermo.

276 1508 338 1570 Sed
359 1519 389 1566 te
413 1516 539 1568 naturae
559 1510 750 1574 cohibentem
771 1511 905 1572 maxima
926 1511 1018 1581 dona,

274 1595 517 1663 Frenantemnue
539 1595 618 1654 citos
641 1595 722 1656 intra
743 1603 796 1657 tna
816 1595 922 1656 limina
948 1613 1051 1654 currus

169 1748 171 1769 .
274 1679 396 1758 Regula
416 1681 580 1742 summovit
600 1680 725 1760 linguae
745 1681 783 1740 de
804 1681 943 1757 pluribus
964 1700 1056 1740 unum

274 1765 310 1822 In
331 1783 440 1842 genus,
460 1765 624 1841 optandum
643 1766 765 1840 multis,
781 1766 929 1830 imitabile
949 1765 1037 1829 nulli:

275 1847 342 1922 Quo
365 1849 432 1921 tibi,
454 1868 517 1907 non
540 1851 603 1923 alii,
624 1851 752 1912 deheres
774 1871 847 1912 orsa
865 1851 1021 1926 loquendi,
1045 1909 1048 1916 ,

275 1935 310 1992 In
333 1954 394 2011 qno
417 1932 547 1996 Nelidae
569 1935 810 2015 Laertiadaeque
831 1953 956 1998 recessu

275 2017 316 2079 Se
334 2019 435 2082 victos
453 2018 553 2096 lengo,
573 2021 687 2082 victum
709 2040 743 2081 se
769 2021 861 2080 sciret
879 2020 1011 2079 Atrides.

275 2104 339 2164 Ore
361 2113 413 2163 tuo
436 2103 580 2178 loqueris,
602 2105 679 2167 nulli
692 2106 818 2168 ‘sulcata
840 2104 971 2181 priorum

274 2192 417 2264 Aequora
438 2189 624 2265 pervolitans
644 2191 732 2268 priva
753 2199 819 2254 rate
840 2189 968 2252 carbasa
987 2189 1097 2254 tendis.

274 2273 342 2333 Nec
365 2282 418 2340 tna
438 2282 484 2333 tot
504 2295 590 2337 raras
611 2277 783 2336 habitantes
804 2283 932 2351 pectora
954 2275 1041 2336 dotes

274 2359 377 2420 Ullius
400 2359 494 2419 virtus
516 2361 668 2422 effinxerit
688 2362 778 2439 ignea
795 2360 916 2431 mentis,

274 2443 342 2502 Nec
367 2463 517 2506 summum
538 2446 652 2520 eloquii
672 2446 845 2508 simulatrix
865 2443 970 2522 lingua
990 2445 1133 2520 colorem,

274 2528 348 2587 Non
372 2529 482 2589 calami
501 2548 602 2593 mores
626 2530 813 2608 expresserit
835 2530 955 2590 aemula
976 2530 1095 2592 dextra.
1173 2545 1178 2553 ’

274 2614 337 2675 Sed
355 2614 528 2690 ,quicunque
549 2615 655 2677 volunt
675 2616 729 2676 illo
752 2617 911 2677 decurrere
932 2633 1048 2692 campo,

274 2699 335 2756 Per
359 2716 449 2773 quem
473 2700 611 2760 victrices
630 2701 743 2761 flexisti
762 2700 845 2764 solus
865 2701 1012 2774 habenas,

275 2785 460 2845 Verberibus
483 2786 582 2846 surdis
606 2805 728 2846 servum
746 2805 841 2863 pecus
865 2804 937 2847 aera
954 2786 1092 2860 caedunt,

274 2870 322 2928 Et.
334 2870 423 2931 vanis
441 2870 569 2946 impleut
582 2870 723 2932 Danaeia
741 2871 823 2934 delia
840 2869 986 2948 lymphis,

275 2955 448 3017 Immeritas
467 2956 552 3014 soliti
571 2957 660 3034 nugis
680 2956 856 3034 disperdere
876 2957 1007 3028 chartas,

273 3039 379 3118 ignari
397 3040 556 3114 quaedam,
578 3060 656 3116 quaa
676 3041 727 3100 dat
748 3049 856 3103 natura
879 3041 1021 3112 creatrix,

273 3125 463 3188 Admiranda
483 3125 567 3198 viris,
590 3127 644 3188 sed
665 3147 726 3186 uon
745 3125 902 3198 imitanda,
921 3124 1058 3199 relinqui.

274 3208 433 3269 Hactenus
455 3212 511 3270 hac
532 3218 656 3288 poteras
679 3220 835 3272 contentus
860 3211 962 3270 vivere
985 3209 1087 3269 laude:

274 3293 348 3354 Non
371 3303 472 3353 tamen
493 3296 648 3372 ingenium
668 3296 746 3357 felix
765 3296 825 3357 hoc
846 3297 905 3356 fine
928 3293 1049 3369 quievit.
1174 3372 1178 3379 ι

274 3378 342 3438 Nec
362 3380 447 3457 prius
468 3381 601 3456 imponis
625 3381 732 3444 studiis
756 3390 927 3456 metamque
947 3377 1140 3452 modumque,

276 3465 376 3540 Quam
396 3465 506 3526 mentis
523 3466 631 3544 vigiles
653 3467 761 3528 Latiae
781 3485 837 3543 per
855 3472 959 3540 operta
981 3470 1123 3528 senectae

275 3550 426 3613 Immittas
449 3549 565 3623 oculos,
588 3560 617 3610 et
639 3552 752 3610 scrinia
773 3548 926 3626 praepetis
948 3547 1016 3608 aevi

275 3633 460 3708 Reclndens,
483 3635 601 3696 Rornae
622 3655 698 3714 quas
717 3655 782 3697 nox
801 3634 912 3712 premit
932 3633 995 3692 alta
1016 3634 1133 3709 ruinas,

276 3718 312 3778 In
335 3720 431 3780 solem
451 3737 600 3800 exponas,
620 3729 650 3782 et
672 3721 787 3784 amanti
806 3719 889 3782 seria
908 3739 1009 3864 rw
