3059 4492
734 492 886 587 —24-4—

346 653 435 721 Ἐπ’
459 655 525 719 ἀντ’
550 657 689 725 ὀνείδους
710 655 740 719 τ’
764 657 875 740 ἀξίωμ’
901 657 1044 726 ἀναξίων.

351 737 419 804 Οὐκ
442 737 506 804 ἔστι
526 740 636 825 κέρδος
660 741 770 824 ζημίας
793 741 896 805 ἀλλων
922 740 1005 825 ἄτερ.

350 821 486 908 Ἐνδεῖγ’
513 827 624 910 ἀσώτῳ
647 827 759 907 πολλὰ,
782 827 881 890 πάντα
902 826 1026 911 κίμβικτ.

353 909 451 972 Φύσει
473 911 620 995 διάδοχος
641 909 746 979 πιστός
769 911 859 987 ἐστιν,
884 909 920 971 ού
944 918 1077 996 γραφη·

352 991 405 1103 Τηῖ
429 993 508 1078 μέγα
528 1000 690 1080 φρονοῦντι
710 998 809 1077 λῖησις,
826 993 944 1063 ἀδικίας
967 994 1050 1065 άκος.

352 1074 463 1142 Οικτου
487 1079 606 1165 βοηθοῦ
627 1078 759 1162 δεομένη
785 1078 863 1162 δίκη,
886 1080 976 1162 κακή.

352 1161 484 1232 Φύσεως
504 1164 680 1249 ἀποτρίβον“
692 1188 719 1226 τι
738 1165 912 1248 φάρμακον,
935 1163 1039 1228 κακόν.

351 1243 388 1309 T’
413 1247 583 1330 ἀλλοτρίων
605 1247 745 1332 σύνηθες,
768 1249 865 1330 ἡδονὴ
887 1249 977 1329 κακή.

349 1328 452 1395 Κακαὶ
501 1333 582 1399 ύσεις
606 1332 663 1395 οὐκ
686 1333 800 1400 ἐνδεεῖς
822 1333 1020 1396 διδασκάλου.

351 1412 418 1480 Ούκ
441 1356 546 1501 ὀρθὸν,
571 1417 588 1478 ό
610 1441 637 1478 τι
659 1418 695 1499 δὴ
716 1419 879 1499 πράττεται
894 1417 992 1480 πίστει
1009 1418 1113 1503 τύχης.

351 1497 394 1564 Τδ
419 1501 530 1584 κράτος
550 1500 625 1562 ’ίδιον
649 1501 754 1565 κόλλοπ’
778 1502 794 1563 6
815 1502 1015 1586 προστάσσων
1038 1508 1152 1573 κακῶς.

351 1581 412 1648 Τὸν
437 1587 538 1668 ἰατρδν
561 1585 617 1648 οὐκ
639 1583 673 1648 εύ
699 1586 844 1670 διάδοχον
867 1588 882 1648 6
903 1591 1002 1648 νοσῶν
1023 1589 1144 1673 γράφει.

347 1665 385 1732 Ὀ
414 1671 455 1752 μὴ
480 1671 648 1752 δυνάμενος
671 1668 705 1731 εύ
728 1670 845 1745 θανεῖν,
864 1675 968 1738 κακῶς
990 1671 1060 1753 βιοῖ.

349 1751 417 1815 Ἀεὶ
439 1756 560 1839 βιώσειν
584 1755 777 1838 προσδοκῶν,
797 1761 899 1823 κακῶς
914 1755 984 1838 βιοῖ.

350 1835 456 1923 Χείρω
481 1837 572 1920 λόγον
597 1839 780 1924 βλάσφημον
803 1838 953 1923 ἑρμηνεὺς
973 1846 1064 1903 ποιεῖ.

350 1919 475 1986 Κακούν
498 1922 621 1986 θέλοντι
642 1923 798 2007 πρόφασις
822 1924 878 1986 οὐκ
899 1923 1081 1988 ἐλλείπεται.

351 2005 444 2070 Ποιεῖ
460 2007 614 2091 πονηροὺς
635 2007 713 2091 ἦθος
735 2008 899 2091 ἀχάριστον
922 2009 1020 2090 θαμά.

344 2090 438 2154 Ἥθει
460 2098 588 2176 πονηρηῖ
609 2091 690 2160 σῖτός
710 2091 772 2154 ἐστ’
799 2093 861 2154 ίδία
885 2092 983 2176 φύσις.

348 2173 486 2260 Ἀνδρῶν
509 2181 648 2258 γυναῖκές
669 2177 837 2260 κρείττονες
857 2179 957 2261 βουλῇ
969 2183 1060 2261 κακῇ.

350 2258 475 2342 Βουλῆς
498 2266 594 2344 κακῆς
615 2268 659 2346 τῷ
679 2260 760 2323 δόντι
782 2263 939 2342 πάγκακον
962 2261 1059 2330 τέλος.

344 2343 387 2408 Ἥ
411 2347 452 2428 μὴ
475 2350 626 2429 τραπῆναι
651 2344 805 2429 δυναμένη
830 2346 940 2432 βουλὴ,
960 2346 1049 2430 κακή.

349 2427 489 2493 Ἐσθλῶν
515 2431 678 2513 ὑποκριτὴς
699 2433 714 2492 6
738 2429 832 2498 κακός
854 2431 916 2492 ἐστι
938 2432 1104 2513 πάγκακος.

350 2512 453 2577 Αὑτοῦ
478 2515 507 2596 γ’
534 2515 617 2576 ἕκατι
639 2517 783 2598 χρηστὸς,
807 2514 956 2578 αύδάσθω
981 2514 1083 2581 κακός.

353 2597 461 2683 Φόβου
478 2596 637 2680 παρόντος,
662 2599 754 2666 ύπνος
777 2599 833 2660 οὐκ
858 2597 925 2683 ἔχει
945 2600 1048 2662 τόπον.

349 2681 523 2745 Ἀπατιῖισιν
546 2682 635 2764 ἧττον
661 2685 689 2743 οἱ
710 2682 832 2768 τάχιστ’
854 2683 1048 2767 ἀρνούμενοι.
1121 2728 1123 2732 ⁴

352 2767 491 2834 Δούλους
514 2766 661 2833 δεδοικώς
683 2766 744 2828 ἐστι
767 2773 827 2829 τῶν
854 2767 973 2830 δούλων
996 2769 1090 2832 κάτω.

347 2848 385 2916 Ὁ
410 2853 543 2935 χρηστὸς
567 2851 623 2913 οὐκ
643 2849 701 2932 τίη,
725 2851 844 2934 λέγοιτο
865 2851 896 2914 δ’
921 2851 956 2914 ἀν
982 2853 1097 2921 ἄθλιος.

344 2935 490 3018 Ἄζηλός,
514 2936 592 2997 ἐστιν
615 2936 801 3019 ἀθλιωτάτη,
823 2936 912 3021 τύχη.

349 3021 462 3084 Λαλεῖν
483 3019 616 3083 θέλοντα
639 3021 668 3082 σ’
693 3021 749 3082 οὐκ
775 3021 897 3106 ἐᾷσθαι,
922 3020 1072 3105 σχέτλιον.

349 3103 388 3169 Εἰ
408 3107 459 3168 καὶ
481 3106 576 3188 ἀηδὲς
597 3106 616 3187 ἡ
640 3106 738 3190 τριβὴ,
761 3109 847 3169 ποιεῖ
867 3106 993 3188 σοφούς.

349 3189 416 3275 Πρὸ
437 3195 491 3266 τού
512 3189 619 3252 ποθεῖν
643 3192 693 3252 τδν
713 3190 856 3265 θάνατον,
880 3190 983 3275 όλβιον
1002 3189 1119 3254 θανεῖν.

351 3275 461 3338 Θανεῖν
484 3275 599 3357 ἀνάγκη
621 3279 722 3350 πᾶσιν,
748 3275 815 3337 οὐδ’
840 3275 911 3337 όταν
934 3275 1040 3358 θέλῃς.

350 3357 393 3422 Τδ
411 3359 515 3421 θανεῖν
538 3359 705 3444 φοβεῖσθαι
727 3361 832 3444 χεῖρόν
856 3360 918 3422 ἐστι
942 3365 997 3423 τοῦ
1017 3359 1134 3424 θανεῖν.

351 3440 417 3507 Οὐκ
437 3443 531 3528 ἤρεσε
552 3446 695 3506 πολλοῖσι
717 3445 897 3526 πολύγαμος
914 3445 1000 3528 γυνή.

350 3525 479 3590 Νοοῢσα
500 3527 650 3611 μουνάξὴ
675 3529 761 3611 γυνη,
784 3533 887 3597 κακῶς
911 3536 985 3592 νοεῖ.

350 3607 485 3680 Πολλοῖς
508 3612 637 3687 ἀπειλεῖ,
660 3613 739 3681 ὅστις
757 3613 884 3696 ηδίκησ’
906 3614 971 3676 ἕνα.

345 3690 547 3778 Ὑβρισμένυν
569 3697 603 3759 τδ
627 3695 740 3759 ἄκακον
763 3699 904 3760 ἀλλάττει
925 3697 1024 3781 φύσιν.
