<?xml version="1.0" encoding="UTF-8"?>
<!DOCTYPE html PUBLIC "-//W3C//DTD XHTML 1.0 Transitional//EN"
    "http://www.w3.org/TR/xhtml1/DTD/xhtml1-transitional.dtd">
<html xmlns="http://www.w3.org/1999/xhtml" xml:lang="en" lang="en">
 <head>
  <title>
</title>
<meta http-equiv="Content-Type" content="text/html;charset=utf-8" />
  <meta name='ocr-system' content='tesseract 3.04.00' />
  <meta name='ocr-capabilities' content='ocr_page ocr_carea ocr_par ocr_line ocrx_word'/>
</head>
<body>
  <div class='ocr_page' id='page_1' title='image "./poemataomnia01scalgoog_0061.png"; bbox 0 0 3059 4492; ppageno 0'>
   <div class='ocr_carea' id='block_1_1' title="bbox 262 691 1173 1348">
    <p class='ocr_par' dir='ltr' id='par_1_1' title="bbox 262 691 1173 1348">
     <span class='ocr_line' id='line_1_1' title="bbox 299 691 903 753; baseline 0.007 -4"><span class='ocrx_word' id='word_1_1' title='bbox 299 692 350 749; x_wconf 80' lang='lat' dir='ltr'>Ex</span> <span class='ocrx_word' id='word_1_2' title='bbox 372 700 434 749; x_wconf 85' lang='lat' dir='ltr'>tam</span> <span class='ocrx_word' id='word_1_3' title='bbox 454 691 585 751; x_wconf 87' lang='lat' dir='ltr'>diversis</span> <span class='ocrx_word' id='word_1_4' title='bbox 605 692 691 750; x_wconf 85' lang='lat' dir='ltr'>iussa</span> <span class='ocrx_word' id='word_1_5' title='bbox 712 695 792 752; x_wconf 88' lang='lat' dir='ltr'>coire</span> <span class='ocrx_word' id='word_1_6' title='bbox 813 694 903 753; x_wconf 84' lang='lat' dir='ltr'>locis:</span> 
     </span>
     <span class='ocr_line' id='line_1_2' title="bbox 263 777 1088 857; baseline 0.005 -23"><span class='ocrx_word' id='word_1_7' title='bbox 263 777 401 852; x_wconf 83' lang='lat' dir='ltr'>Qualiter</span> <span class='ocrx_word' id='word_1_8' title='bbox 421 777 567 854; x_wconf 80' lang='lat' dir='ltr'>Aegides,</span> <span class='ocrx_word' id='word_1_9' title='bbox 590 787 624 834; x_wconf 90' lang='lat' dir='ltr'>ut</span> <span class='ocrx_word' id='word_1_10' title='bbox 646 779 785 836; x_wconf 81' lang='lat' dir='ltr'><strong>Athenae</strong></span> <span class='ocrx_word' id='word_1_11' title='bbox 808 797 931 857; x_wconf 77' lang='lat' dir='ltr'>surgere</span> <span class='ocrx_word' id='word_1_12' title='bbox 951 789 1088 856; x_wconf 86' lang='lat' dir='ltr'>possent,</span> 
     </span>
     <span class='ocr_line' id='line_1_3' title="bbox 300 861 940 938; baseline 0.003 -18"><span class='ocrx_word' id='word_1_13' title='bbox 300 861 421 920; x_wconf 82' lang='lat' dir='ltr'>Dicitur</span> <span class='ocrx_word' id='word_1_14' title='bbox 442 881 481 918; x_wconf 88' lang='lat' dir='ltr'>ex</span> <span class='ocrx_word' id='word_1_15' title='bbox 499 863 581 919; x_wconf 93' lang='lat' dir='ltr'>omni</span> <span class='ocrx_word' id='word_1_16' title='bbox 603 872 691 938; x_wconf 86' lang='lat' dir='ltr'>parte</span> <span class='ocrx_word' id='word_1_17' title='bbox 713 865 825 923; x_wconf 76' lang='lat' dir='ltr'>citasse</span> <span class='ocrx_word' id='word_1_18' title='bbox 847 865 940 922; x_wconf 82' lang='lat' dir='ltr'>viros.</span> 
     </span>
     <span class='ocr_line' id='line_1_4' title="bbox 262 945 1173 1026; baseline 0.005 -22"><span class='ocrx_word' id='word_1_19' title='bbox 262 945 327 1004; x_wconf 85' lang='lat' dir='ltr'>Nec</span> <span class='ocrx_word' id='word_1_20' title='bbox 349 947 450 1005; x_wconf 90' lang='lat' dir='ltr'>minus</span> <span class='ocrx_word' id='word_1_21' title='bbox 473 963 493 1003; x_wconf 85' lang='lat' dir='ltr'>e</span> <span class='ocrx_word' id='word_1_22' title='bbox 508 947 631 1019; x_wconf 85' lang='lat' dir='ltr'>Titulis,</span> <span class='ocrx_word' id='word_1_23' title='bbox 653 946 793 1021; x_wconf 84' lang='lat' dir='ltr'>Sweerti,</span> <span class='ocrx_word' id='word_1_24' title='bbox 816 949 871 1006; x_wconf 93' lang='lat' dir='ltr'>tibi</span> <span class='ocrx_word' id='word_1_25' title='bbox 891 949 989 1026; x_wconf 86' lang='lat' dir='ltr'>gloria</span> <span class='ocrx_word' id='word_1_26' title='bbox 1009 959 1097 1025; x_wconf 89' lang='lat' dir='ltr'>parta</span> <span class='ocrx_word' id='word_1_27' title='bbox 1116 959 1173 1022; x_wconf 89' lang='lat' dir='ltr'>est,</span> 
     </span>
     <span class='ocr_line' id='line_1_5' title="bbox 301 1030 957 1112; baseline 0.005 -23"><span class='ocrx_word' id='word_1_28' title='bbox 301 1030 400 1112; x_wconf 76' lang='lat' dir='ltr'>Quam</span> <span class='ocrx_word' id='word_1_29' title='bbox 423 1031 534 1090; x_wconf 91' lang='lat' dir='ltr'>Titulis</span> <span class='ocrx_word' id='word_1_30' title='bbox 558 1040 627 1089; x_wconf 90' lang='lat' dir='ltr'>ate</span> <span class='ocrx_word' id='word_1_31' title='bbox 650 1034 829 1092; x_wconf 86' lang='lat' dir='ltr'>conciliatur</span> <span class='ocrx_word' id='word_1_32' title='bbox 850 1035 957 1092; x_wconf 88' lang='lat' dir='ltr'>honos.</span> 
     </span>
     <span class='ocr_line' id='line_1_6' title="bbox 262 1114 1060 1179; baseline 0.004 -5"><span class='ocrx_word' id='word_1_33' title='bbox 262 1114 341 1174; x_wconf 86' lang='lat' dir='ltr'>Nam</span> <span class='ocrx_word' id='word_1_34' title='bbox 359 1118 423 1175; x_wconf 86' lang='lat' dir='ltr'>vita</span> <span class='ocrx_word' id='word_1_35' title='bbox 446 1118 558 1175; x_wconf 86' lang='lat' dir='ltr'>functis</span> <span class='ocrx_word' id='word_1_36' title='bbox 582 1117 674 1174; x_wconf 85' lang='lat' dir='ltr'>vitam</span> <span class='ocrx_word' id='word_1_37' title='bbox 697 1120 884 1176; x_wconf 84' lang='lat' dir='ltr'>Monimenta</span> <span class='ocrx_word' id='word_1_38' title='bbox 905 1119 1060 1179; x_wconf 88' lang='lat' dir='ltr'>dederunt.</span> 
     </span>
     <span class='ocr_line' id='line_1_7' title="bbox 302 1202 999 1262; baseline 0 -2"><span class='ocrx_word' id='word_1_39' title='bbox 302 1205 361 1261; x_wconf 88' lang='lat' dir='ltr'>Ast</span> <span class='ocrx_word' id='word_1_40' title='bbox 381 1202 476 1260; x_wconf 86' lang='lat' dir='ltr'>vitam</span> <span class='ocrx_word' id='word_1_41' title='bbox 497 1202 609 1260; x_wconf 88' lang='lat' dir='ltr'>debent</span> <span class='ocrx_word' id='word_1_42' title='bbox 629 1221 709 1260; x_wconf 91' lang='lat' dir='ltr'>nunc</span> <span class='ocrx_word' id='word_1_43' title='bbox 728 1205 914 1262; x_wconf 89' lang='lat' dir='ltr'>Monimenta</span> <span class='ocrx_word' id='word_1_44' title='bbox 934 1204 999 1262; x_wconf 87' lang='lat' dir='ltr'>tibi.</span> 
     </span>
     <span class='ocr_line' id='line_1_8' title="bbox 345 1295 836 1348; baseline 0.004 -2"><span class='ocrx_word' id='word_1_45' title='bbox 345 1295 350 1302; x_wconf 82' lang='grc'><strong>’</strong></span> <span class='ocrx_word' id='word_1_46' title='bbox 415 1295 482 1347; x_wconf 80' lang='grc'>1607</span> <span class='ocrx_word' id='word_1_47' title='bbox 500 1297 554 1346; x_wconf 86' lang='lat' dir='ltr'>XV</span> <span class='ocrx_word' id='word_1_48' title='bbox 572 1298 633 1348; x_wconf 88' lang='lat' dir='ltr'>Kal.</span> <span class='ocrx_word' id='word_1_49' title='bbox 652 1299 717 1348; x_wconf 84' lang='lat' dir='ltr'>Maii</span> <span class='ocrx_word' id='word_1_50' title='bbox 735 1299 836 1348; x_wconf 87' lang='lat' dir='ltr'>Iuliani.</span> 
     </span>
    </p>
   </div>
   <div class='ocr_carea' id='block_1_2' title="bbox 168 1449 1108 1790">
    <p class='ocr_par' dir='ltr' id='par_1_2' title="bbox 335 1449 1100 1512">
     <span class='ocr_line' id='line_1_9' title="bbox 335 1449 1100 1512; baseline 0.007 -5"><span class='ocrx_word' id='word_1_51' title='bbox 335 1449 387 1508; x_wconf 82' lang='lat'>25.</span> <span class='ocrx_word' id='word_1_52' title='bbox 418 1455 458 1510; x_wconf 84' lang='lat' dir='ltr'>Ia</span> <span class='ocrx_word' id='word_1_53' title='bbox 479 1453 533 1510; x_wconf 72' lang='lat' dir='ltr'>Fr.</span> <span class='ocrx_word' id='word_1_54' title='bbox 559 1454 637 1511; x_wconf 70' lang='lat' dir='ltr'>Uluti</span> <span class='ocrx_word' id='word_1_55' title='bbox 657 1454 768 1512; x_wconf 80' lang='lat' dir='ltr'>Medici</span> <span class='ocrx_word' id='word_1_56' title='bbox 788 1455 914 1511; x_wconf 80' lang='lat' dir='ltr'>libellam</span> <span class='ocrx_word' id='word_1_57' title='bbox 937 1454 984 1510; x_wconf 85' lang='lat' dir='ltr'>De</span> <span class='ocrx_word' id='word_1_58' title='bbox 1001 1454 1100 1512; x_wconf 70' lang='lat' dir='ltr'>Ie&#39;erre.</span> 
     </span>
    </p>

    <p class='ocr_par' dir='ltr' id='par_1_3' title="bbox 263 1527 1105 1704">
     <span class='ocr_line' id='line_1_10' title="bbox 263 1527 1105 1620; baseline 0.004 -26"><span class='ocrx_word' id='word_1_59' title='bbox 263 1527 386 1614; x_wconf 88' lang='grc' dir='ltr'>Ούλμος</span> <span class='ocrx_word' id='word_1_60' title='bbox 407 1532 479 1595; x_wconf 88' lang='grc' dir='ltr'>ἰδῶν</span> <span class='ocrx_word' id='word_1_61' title='bbox 503 1533 581 1596; x_wconf 86' lang='grc' dir='ltr'>κατὰ</span> <span class='ocrx_word' id='word_1_62' title='bbox 598 1535 699 1616; x_wconf 77' lang='grc' dir='ltr'>θυμὸν</span> <span class='ocrx_word' id='word_1_63' title='bbox 722 1534 884 1617; x_wconf 82' lang='grc' dir='ltr'>ἀμύμονας</span> <span class='ocrx_word' id='word_1_64' title='bbox 905 1534 972 1602; x_wconf 83' lang='grc' dir='ltr'>υἷας</span> <span class='ocrx_word' id='word_1_65' title='bbox 994 1536 1105 1620; x_wconf 79' lang='grc' dir='ltr'>ἰητρῶν</span> 
     </span>
     <span class='ocr_line' id='line_1_11' title="bbox 303 1612 1015 1704; baseline 0.003 -26"><span class='ocrx_word' id='word_1_66' title='bbox 303 1612 492 1701; x_wconf 84' lang='grc' dir='ltr'>Τυφλοσύνη</span> <span class='ocrx_word' id='word_1_67' title='bbox 515 1620 688 1702; x_wconf 76' lang='grc' dir='ltr'>πραπίδων,</span> <span class='ocrx_word' id='word_1_68' title='bbox 706 1621 757 1681; x_wconf 87' lang='grc' dir='ltr'>καί</span> <span class='ocrx_word' id='word_1_69' title='bbox 781 1621 852 1687; x_wconf 88' lang='grc' dir='ltr'>νοδς</span> <span class='ocrx_word' id='word_1_70' title='bbox 873 1619 1015 1704; x_wconf 76' lang='grc' dir='ltr'>ἀμφασίῃ</span> 
     </span>
    </p>

    <p class='ocr_par' dir='ltr' id='par_1_4' title="bbox 168 1697 1108 1790">
     <span class='ocr_line' id='line_1_12' title="bbox 168 1697 1108 1790; baseline 0.005 -29"><span class='ocrx_word' id='word_1_71' title='bbox 168 1760 169 1785; x_wconf 33' lang='grc' dir='ltr'>η</span> <span class='ocrx_word' id='word_1_72' title='bbox 262 1697 382 1768; x_wconf 85' lang='grc' dir='ltr'>Πάντας</span> <span class='ocrx_word' id='word_1_73' title='bbox 406 1702 644 1785; x_wconf 85' lang='grc' dir='ltr'>σπληνιύιοντας,</span> <span class='ocrx_word' id='word_1_74' title='bbox 674 1704 793 1786; x_wconf 76' lang='grc' dir='ltr'>ἰήσατο,</span> <span class='ocrx_word' id='word_1_75' title='bbox 823 1705 922 1790; x_wconf 77' lang='grc' dir='ltr'>ῥίμφα</span> <span class='ocrx_word' id='word_1_76' title='bbox 942 1703 974 1766; x_wconf 80' lang='grc' dir='ltr'>δ’</span> <span class='ocrx_word' id='word_1_77' title='bbox 999 1705 1108 1788; x_wconf 87' lang='grc' dir='ltr'>ἰητρῶν</span> 
     </span>
    </p>
   </div>
   <div class='ocr_carea' id='block_1_3' title="bbox 256 1781 1132 3310">
    <p class='ocr_par' dir='ltr' id='par_1_5' title="bbox 256 1781 1132 3310">
     <span class='ocr_line' id='line_1_13' title="bbox 298 1781 1059 1871; baseline 0.004 -24"><span class='ocrx_word' id='word_1_78' title='bbox 298 1781 350 1848; x_wconf 85' lang='grc' dir='ltr'>Ἐν</span> <span class='ocrx_word' id='word_1_79' title='bbox 376 1788 467 1870; x_wconf 81' lang='grc' dir='ltr'>φρεσὶ</span> <span class='ocrx_word' id='word_1_80' title='bbox 490 1787 545 1869; x_wconf 81' lang='grc' dir='ltr'>τὴν</span> <span class='ocrx_word' id='word_1_81' title='bbox 566 1789 692 1871; x_wconf 78' lang='grc' dir='ltr'>χρονίην</span> <span class='ocrx_word' id='word_1_82' title='bbox 714 1793 824 1850; x_wconf 82' lang='grc' dir='ltr'>νοῦσον</span> <span class='ocrx_word' id='word_1_83' title='bbox 849 1789 1059 1870; x_wconf 83' lang='grc' dir='ltr'>ἀκεσσάμενος</span> 
     </span>
     <span class='ocr_line' id='line_1_14' title="bbox 256 1867 1064 1956; baseline 0.004 -24"><span class='ocrx_word' id='word_1_84' title='bbox 256 1867 457 1954; x_wconf 78' lang='grc' dir='ltr'>Ἱπποκράτην</span> <span class='ocrx_word' id='word_1_85' title='bbox 482 1872 535 1933; x_wconf 89' lang='grc' dir='ltr'>τδν</span> <span class='ocrx_word' id='word_1_86' title='bbox 556 1873 654 1945; x_wconf 76' lang='grc' dir='ltr'>θεῖον,</span> <span class='ocrx_word' id='word_1_87' title='bbox 679 1872 849 1956; x_wconf 76' lang='grc' dir='ltr'>ἀμώμητον</span> <span class='ocrx_word' id='word_1_88' title='bbox 870 1895 903 1934; x_wconf 87' lang='grc' dir='ltr'>τε</span> <span class='ocrx_word' id='word_1_89' title='bbox 925 1871 948 1934; x_wconf 93' lang='grc' dir='ltr'><strong><em>Γ</em></strong></span> <span class='ocrx_word' id='word_1_90' title='bbox 951 1874 1064 1956; x_wconf 88' lang='grc' dir='ltr'>αληνδν</span> 
     </span>
     <span class='ocr_line' id='line_1_15' title="bbox 302 1951 1017 2040; baseline 0.001 -23"><span class='ocrx_word' id='word_1_91' title='bbox 302 1951 372 2017; x_wconf 89' lang='grc' dir='ltr'>Τῶν</span> <span class='ocrx_word' id='word_1_92' title='bbox 393 1956 419 2017; x_wconf 84' lang='grc' dir='ltr'>τ’</span> <span class='ocrx_word' id='word_1_93' title='bbox 439 1955 676 2038; x_wconf 81' lang='grc' dir='ltr'>Ἀσκληπιαδῶν</span> <span class='ocrx_word' id='word_1_94' title='bbox 698 1959 783 2040; x_wconf 80' lang='grc' dir='ltr'>φῦλα</span> <span class='ocrx_word' id='word_1_95' title='bbox 805 1957 1017 2038; x_wconf 80' lang='grc' dir='ltr'>παλαιγενέων</span> 
     </span>
     <span class='ocr_line' id='line_1_16' title="bbox 267 2037 1068 2126; baseline 0.002 -24"><span class='ocrx_word' id='word_1_96' title='bbox 267 2037 420 2122; x_wconf 85' lang='grc' dir='ltr'>ἰδμοσυνη</span> <span class='ocrx_word' id='word_1_97' title='bbox 447 2043 530 2122; x_wconf 89' lang='grc' dir='ltr'>μαλα</span> <span class='ocrx_word' id='word_1_98' title='bbox 550 2063 665 2108; x_wconf 87' lang='grc' dir='ltr'>παντας</span> <span class='ocrx_word' id='word_1_99' title='bbox 691 2043 887 2126; x_wconf 80' lang='grc' dir='ltr'>υπερβλήδην</span> <span class='ocrx_word' id='word_1_100' title='bbox 911 2040 1068 2104; x_wconf 80' lang='grc' dir='ltr'>ἐκέκαστο.</span> 
     </span>
     <span class='ocr_line' id='line_1_17' title="bbox 301 2120 919 2210; baseline -0.002 -22"><span class='ocrx_word' id='word_1_101' title='bbox 301 2120 428 2207; x_wconf 87' lang='grc' dir='ltr'>Ούλμος</span> <span class='ocrx_word' id='word_1_102' title='bbox 449 2124 586 2207; x_wconf 81' lang='grc' dir='ltr'>ἐνίκησεν</span> <span class='ocrx_word' id='word_1_103' title='bbox 610 2127 726 2193; x_wconf 87' lang='grc' dir='ltr'>πάντας</span> <span class='ocrx_word' id='word_1_104' title='bbox 744 2126 919 2210; x_wconf 79' lang='grc' dir='ltr'>ἀκοστορίη.</span> 
     </span>
     <span class='ocr_line' id='line_1_18' title="bbox 261 2205 1029 2293; baseline 0.001 -22"><span class='ocrx_word' id='word_1_105' title='bbox 261 2205 298 2272; x_wconf 81' lang='lat' dir='ltr'>Oi</span> <span class='ocrx_word' id='word_1_106' title='bbox 319 2210 374 2292; x_wconf 81' lang='grc' dir='ltr'>μὲν</span> <span class='ocrx_word' id='word_1_107' title='bbox 397 2214 457 2271; x_wconf 94' lang='grc' dir='ltr'>τῶν</span> <span class='ocrx_word' id='word_1_108' title='bbox 479 2208 583 2272; x_wconf 78' lang='grc' dir='ltr'>ἄλλων</span> <span class='ocrx_word' id='word_1_109' title='bbox 614 2210 787 2292; x_wconf 81' lang='grc' dir='ltr'>ἀνθρώπων</span> <span class='ocrx_word' id='word_1_110' title='bbox 813 2207 909 2293; x_wconf 81' lang='grc' dir='ltr'>ἔμμεν</span> <span class='ocrx_word' id='word_1_111' title='bbox 932 2210 1029 2293; x_wconf 85' lang='grc' dir='ltr'>ἰητροὶ</span> 
     </span>
     <span class='ocr_line' id='line_1_19' title="bbox 300 2292 1058 2379; baseline 0.003 -23"><span class='ocrx_word' id='word_1_112' title='bbox 300 2292 458 2370; x_wconf 84' lang='grc' dir='ltr'>Στεῶνται,</span> <span class='ocrx_word' id='word_1_113' title='bbox 482 2297 499 2357; x_wconf 86' lang='grc' dir='ltr'><strong>ὁ</strong></span> <span class='ocrx_word' id='word_1_114' title='bbox 522 2293 552 2356; x_wconf 79' lang='grc' dir='ltr'>δ’</span> <span class='ocrx_word' id='word_1_115' title='bbox 575 2295 689 2377; x_wconf 71' lang='grc' dir='ltr'>,ἰητρῶν</span> <span class='ocrx_word' id='word_1_116' title='bbox 714 2292 839 2376; x_wconf 81' lang='grc' dir='ltr'>θύλμος</span> <span class='ocrx_word' id='word_1_117' title='bbox 864 2295 965 2378; x_wconf 86' lang='grc' dir='ltr'>ἰητρὸς</span> <span class='ocrx_word' id='word_1_118' title='bbox 987 2293 1058 2379; x_wconf 84' lang='grc' dir='ltr'>ἔφα.</span> 
     </span>
     <span class='ocr_line' id='line_1_20' title="bbox 607 2383 942 2441; baseline 0 -1"><span class='ocrx_word' id='word_1_119' title='bbox 607 2385 691 2440; x_wconf 82' lang='lat' dir='ltr'>Idem</span> <span class='ocrx_word' id='word_1_120' title='bbox 710 2383 829 2441; x_wconf 77' lang='lat' dir='ltr'>Latine.</span> <span class='ocrx_word' id='word_1_121' title='bbox 940 2405 942 2410; x_wconf 87' lang='lat'><em>·</em></span> 
     </span>
     <span class='ocr_line' id='line_1_21' title="bbox 259 2465 1081 2542; baseline 0.004 -18"><span class='ocrx_word' id='word_1_122' title='bbox 259 2465 427 2542; x_wconf 86' lang='lat' dir='ltr'>Perplexos</span> <span class='ocrx_word' id='word_1_123' title='bbox 451 2466 587 2525; x_wconf 91' lang='lat' dir='ltr'>medicos</span> <span class='ocrx_word' id='word_1_124' title='bbox 609 2467 805 2527; x_wconf 85' lang='lat' dir='ltr'>doctissimus</span> <span class='ocrx_word' id='word_1_125' title='bbox 827 2467 948 2540; x_wconf 84' lang='lat' dir='ltr'>Ulmus,</span> <span class='ocrx_word' id='word_1_126' title='bbox 970 2477 1004 2527; x_wconf 88' lang='lat' dir='ltr'>ut</span> <span class='ocrx_word' id='word_1_127' title='bbox 1019 2468 1081 2527; x_wconf 86' lang='lat' dir='ltr'>illis</span> 
     </span>
     <span class='ocr_line' id='line_1_22' title="bbox 301 2549 954 2628; baseline 0 -19"><span class='ocrx_word' id='word_1_128' title='bbox 301 2549 457 2628; x_wconf 85' lang='lat' dir='ltr'>Coeperat</span> <span class='ocrx_word' id='word_1_129' title='bbox 478 2571 497 2608; x_wconf 82' lang='lat' dir='ltr'>c</span> <span class='ocrx_word' id='word_1_130' title='bbox 517 2571 608 2609; x_wconf 81' lang='lat' dir='ltr'>caeca</span> <span class='ocrx_word' id='word_1_131' title='bbox 626 2562 727 2610; x_wconf 91' lang='lat' dir='ltr'>mente</span> <span class='ocrx_word' id='word_1_132' title='bbox 744 2562 860 2611; x_wconf 90' lang='lat' dir='ltr'>tumere</span> <span class='ocrx_word' id='word_1_133' title='bbox 881 2553 954 2624; x_wconf 90' lang='lat' dir='ltr'>lien,</span> 
     </span>
     <span class='ocr_line' id='line_1_23' title="bbox 259 2637 978 2715; baseline -0.006 -18"><span class='ocrx_word' id='word_1_134' title='bbox 259 2637 400 2713; x_wconf 84' lang='lat' dir='ltr'>Aspexit,</span> <span class='ocrx_word' id='word_1_135' title='bbox 424 2637 523 2696; x_wconf 89' lang='lat' dir='ltr'>morbi</span> <span class='ocrx_word' id='word_1_136' title='bbox 543 2638 741 2715; x_wconf 81' lang='lat' dir='ltr'>purgavitque</span> <span class='ocrx_word' id='word_1_137' title='bbox 760 2638 854 2696; x_wconf 88' lang='lat' dir='ltr'>illius.</span> <span class='ocrx_word' id='word_1_138' title='bbox 898 2639 978 2714; x_wconf 81' lang='lat' dir='ltr'>Ergo</span> 
     </span>
     <span class='ocr_line' id='line_1_24' title="bbox 298 2722 954 2798; baseline -0.002 -17"><span class='ocrx_word' id='word_1_139' title='bbox 298 2722 435 2798; x_wconf 82' lang='lat' dir='ltr'>Antiqua</span> <span class='ocrx_word' id='word_1_140' title='bbox 457 2730 491 2779; x_wconf 92' lang='lat' dir='ltr'>ut</span> <span class='ocrx_word' id='word_1_141' title='bbox 514 2723 625 2781; x_wconf 89' lang='lat' dir='ltr'>mentis</span> <span class='ocrx_word' id='word_1_142' title='bbox 646 2724 731 2780; x_wconf 86' lang='lat' dir='ltr'>febre</span> <span class='ocrx_word' id='word_1_143' title='bbox 752 2723 866 2782; x_wconf 84' lang='lat' dir='ltr'>levarit</span> <span class='ocrx_word' id='word_1_144' title='bbox 888 2741 954 2796; x_wconf 84' lang='lat' dir='ltr'>cos,</span> 
     </span>
     <span class='ocr_line' id='line_1_25' title="bbox 258 2805 1132 2883; baseline -0.002 -17"><span class='ocrx_word' id='word_1_145' title='bbox 258 2807 480 2883; x_wconf 77' lang='lat' dir='ltr'>Hippocratem</span> <span class='ocrx_word' id='word_1_146' title='bbox 505 2807 650 2881; x_wconf 89' lang='lat' dir='ltr'>divinum,</span> <span class='ocrx_word' id='word_1_147' title='bbox 674 2808 789 2866; x_wconf 81' lang='lat' dir='ltr'>intacta</span> <span class='ocrx_word' id='word_1_148' title='bbox 810 2818 841 2866; x_wconf 88' lang='lat' dir='ltr'>et</span> <span class='ocrx_word' id='word_1_149' title='bbox 858 2808 948 2865; x_wconf 89' lang='lat' dir='ltr'>laude</span> <span class='ocrx_word' id='word_1_150' title='bbox 971 2805 1132 2879; x_wconf 80' lang='lat' dir='ltr'>Galerium,</span> 
     </span>
     <span class='ocr_line' id='line_1_26' title="bbox 300 2891 1025 2967; baseline -0.001 -16"><span class='ocrx_word' id='word_1_151' title='bbox 300 2900 401 2967; x_wconf 87' lang='lat' dir='ltr'>Atque</span> <span class='ocrx_word' id='word_1_152' title='bbox 421 2892 637 2966; x_wconf 80' lang='lat' dir='ltr'>Asclepiadem</span> <span class='ocrx_word' id='word_1_153' title='bbox 662 2895 766 2951; x_wconf 80' lang='lat' dir='ltr'>saecla</span> <span class='ocrx_word' id='word_1_154' title='bbox 787 2901 907 2951; x_wconf 86' lang='lat' dir='ltr'>vetusta</span> <span class='ocrx_word' id='word_1_155' title='bbox 929 2891 1025 2950; x_wconf 84' lang='lat' dir='ltr'>virum</span> 
     </span>
     <span class='ocr_line' id='line_1_27' title="bbox 259 2978 1002 3054; baseline -0.001 -18"><span class='ocrx_word' id='word_1_156' title='bbox 259 2983 331 3036; x_wconf 83' lang='lat' dir='ltr'>Arte</span> <span class='ocrx_word' id='word_1_157' title='bbox 354 2978 515 3036; x_wconf 87' lang='lat' dir='ltr'>salutifera</span> <span class='ocrx_word' id='word_1_158' title='bbox 536 2978 634 3036; x_wconf 87' lang='lat' dir='ltr'>vietor</span> <span class='ocrx_word' id='word_1_159' title='bbox 656 2979 862 3054; x_wconf 87' lang='lat' dir='ltr'>supereminet</span> <span class='ocrx_word' id='word_1_160' title='bbox 885 2996 1002 3049; x_wconf 89' lang='lat' dir='ltr'>omnes,</span> 
     </span>
     <span class='ocr_line' id='line_1_28' title="bbox 301 3062 1002 3140; baseline -0.004 -18"><span class='ocrx_word' id='word_1_161' title='bbox 301 3062 418 3122; x_wconf 91' lang='lat' dir='ltr'>Omnes</span> <span class='ocrx_word' id='word_1_162' title='bbox 443 3072 473 3120; x_wconf 90' lang='lat' dir='ltr'>et</span> <span class='ocrx_word' id='word_1_163' title='bbox 496 3063 614 3121; x_wconf 89' lang='lat' dir='ltr'>medica</span> <span class='ocrx_word' id='word_1_164' title='bbox 636 3064 782 3140; x_wconf 89' lang='lat' dir='ltr'>praeterit</span> <span class='ocrx_word' id='word_1_165' title='bbox 804 3063 912 3124; x_wconf 82' lang='lat' dir='ltr'>Ulmus</span> <span class='ocrx_word' id='word_1_166' title='bbox 934 3081 1002 3139; x_wconf 89' lang='lat' dir='ltr'>ope.</span> 
     </span>
     <span class='ocr_line' id='line_1_29' title="bbox 259 3145 1055 3224; baseline -0.001 -20"><span class='ocrx_word' id='word_1_167' title='bbox 259 3145 400 3222; x_wconf 87' lang='lat' dir='ltr'>Namque</span> <span class='ocrx_word' id='word_1_168' title='bbox 419 3148 549 3206; x_wconf 86' lang='lat' dir='ltr'>aliorum</span> <span class='ocrx_word' id='word_1_169' title='bbox 570 3148 617 3205; x_wconf 91' lang='lat' dir='ltr'>illi</span> <span class='ocrx_word' id='word_1_170' title='bbox 638 3149 785 3208; x_wconf 87' lang='lat' dir='ltr'>sanandis</span> <span class='ocrx_word' id='word_1_171' title='bbox 808 3150 931 3207; x_wconf 87' lang='lat' dir='ltr'>artubus</span> <span class='ocrx_word' id='word_1_172' title='bbox 955 3145 1055 3224; x_wconf 84' lang='lat' dir='ltr'>aegris</span> 
     </span>
     <span class='ocr_line' id='line_1_30' title="bbox 300 3231 1113 3310; baseline -0.006 -17"><span class='ocrx_word' id='word_1_173' title='bbox 300 3231 379 3293; x_wconf 88' lang='lat' dir='ltr'>Sunt</span> <span class='ocrx_word' id='word_1_174' title='bbox 401 3233 520 3291; x_wconf 87' lang='lat' dir='ltr'>medici.</span> <span class='ocrx_word' id='word_1_175' title='bbox 545 3233 604 3292; x_wconf 89' lang='lat' dir='ltr'>His</span> <span class='ocrx_word' id='word_1_176' title='bbox 627 3234 761 3292; x_wconf 87' lang='lat' dir='ltr'>medicas</span> <span class='ocrx_word' id='word_1_177' title='bbox 786 3234 886 3292; x_wconf 86' lang='lat' dir='ltr'>attulit</span> <span class='ocrx_word' id='word_1_178' title='bbox 905 3233 974 3310; x_wconf 81' lang='lat' dir='ltr'>ipse</span> <span class='ocrx_word' id='word_1_179' title='bbox 995 3249 1113 3290; x_wconf 82' lang='lat' dir='ltr'>manus.</span> 
     </span>
    </p>
   </div>
   <div class='ocr_carea' id='block_1_4' title="bbox 252 3403 1175 3823">
    <p class='ocr_par' dir='ltr' id='par_1_6' title="bbox 252 3403 1175 3823">
     <span class='ocr_line' id='line_1_31' title="bbox 313 3403 1118 3472; baseline 0.001 -12"><span class='ocrx_word' id='word_1_180' title='bbox 313 3403 364 3461; x_wconf 89' lang='grc'>26.</span> <span class='ocrx_word' id='word_1_181' title='bbox 410 3403 515 3462; x_wconf 83' lang='grc' dir='ltr'>Ρααίἰο</span> <span class='ocrx_word' id='word_1_182' title='bbox 537 3404 672 3462; x_wconf 81' lang='lat' dir='ltr'>Merulae</span> <span class='ocrx_word' id='word_1_183' title='bbox 692 3403 728 3472; x_wconf 78' lang='lat' dir='ltr'>Q.</span> <span class='ocrx_word' id='word_1_184' title='bbox 748 3406 843 3462; x_wconf 78' lang='lat' dir='ltr'>Ennii</span> <span class='ocrx_word' id='word_1_185' title='bbox 864 3403 995 3461; x_wconf 69' lang='lat' dir='ltr'>Acoeten</span> <span class='ocrx_word' id='word_1_186' title='bbox 1016 3405 1118 3465; x_wconf 81' lang='lat' dir='ltr'>edenti.</span> 
     </span>
     <span class='ocr_line' id='line_1_32' title="bbox 252 3477 1175 3568; baseline 0.001 -24"><span class='ocrx_word' id='word_1_187' title='bbox 252 3477 292 3544; x_wconf 83' lang='grc' dir='ltr'>Ὦ</span> <span class='ocrx_word' id='word_1_188' title='bbox 316 3485 445 3567; x_wconf 87' lang='grc' dir='ltr'>λιπαρὸν</span> <span class='ocrx_word' id='word_1_189' title='bbox 469 3484 553 3546; x_wconf 85' lang='grc' dir='ltr'>πόδα</span> <span class='ocrx_word' id='word_1_190' title='bbox 577 3489 699 3568; x_wconf 87' lang='grc' dir='ltr'>πρῶτος</span> <span class='ocrx_word' id='word_1_191' title='bbox 720 3484 772 3547; x_wconf 77' lang='grc' dir='ltr'>ἐπ’</span> <span class='ocrx_word' id='word_1_192' title='bbox 792 3485 914 3568; x_wconf 84' lang='grc' dir='ltr'>ἀστιβὲς</span> <span class='ocrx_word' id='word_1_193' title='bbox 937 3481 1032 3552; x_wconf 81' lang='grc' dir='ltr'>οὖδας</span> <span class='ocrx_word' id='word_1_194' title='bbox 1053 3481 1175 3565; x_wconf 83' lang='grc' dir='ltr'>ἐρείσας</span> 
     </span>
     <span class='ocr_line' id='line_1_33' title="bbox 296 3565 910 3651; baseline 0 -21"><span class='ocrx_word' id='word_1_195' title='bbox 296 3565 447 3651; x_wconf 78' lang='grc' dir='ltr'>Ἰταλικῆς</span> <span class='ocrx_word' id='word_1_196' title='bbox 468 3566 600 3651; x_wconf 81' lang='grc' dir='ltr'>Μούσης</span> <span class='ocrx_word' id='word_1_197' title='bbox 621 3567 720 3631; x_wconf 82' lang='grc' dir='ltr'>Ἰταλὲ</span> <span class='ocrx_word' id='word_1_198' title='bbox 744 3567 910 3649; x_wconf 81' lang='grc' dir='ltr'>Μαιονίδη,</span> 
     </span>
     <span class='ocr_line' id='line_1_34' title="bbox 254 3647 1175 3738; baseline 0.003 -26"><span class='ocrx_word' id='word_1_199' title='bbox 254 3647 308 3719; x_wconf 81' lang='grc' dir='ltr'>Ὣς</span> <span class='ocrx_word' id='word_1_200' title='bbox 330 3651 390 3737; x_wconf 83' lang='grc' dir='ltr'>ἄρα</span> <span class='ocrx_word' id='word_1_201' title='bbox 408 3653 614 3738; x_wconf 79' lang='grc' dir='ltr'>προφρονέως</span> <span class='ocrx_word' id='word_1_202' title='bbox 636 3656 721 3736; x_wconf 92' lang='grc' dir='ltr'>μάλα</span> <span class='ocrx_word' id='word_1_203' title='bbox 741 3653 923 3734; x_wconf 79' lang='grc' dir='ltr'>λεύσσομεν,</span> <span class='ocrx_word' id='word_1_204' title='bbox 941 3649 1052 3728; x_wconf 83' lang='grc' dir='ltr'>Ἔννιε,</span> <span class='ocrx_word' id='word_1_205' title='bbox 1077 3652 1175 3736; x_wconf 76' lang='grc' dir='ltr'>λήθης</span> 
     </span>
     <span class='ocr_line' id='line_1_35' title="bbox 299 3733 1114 3823; baseline -0.002 -24"><span class='ocrx_word' id='word_1_206' title='bbox 299 3733 360 3800; x_wconf 80' lang='grc' dir='ltr'>Καὶ</span> <span class='ocrx_word' id='word_1_207' title='bbox 379 3736 495 3819; x_wconf 76' lang='grc' dir='ltr'>Στυγὸς</span> <span class='ocrx_word' id='word_1_208' title='bbox 515 3739 683 3823; x_wconf 86' lang='grc' dir='ltr'>ύρφναίοος</span> <span class='ocrx_word' id='word_1_209' title='bbox 703 3742 755 3800; x_wconf 85' lang='grc' dir='ltr'>νύν</span> <span class='ocrx_word' id='word_1_210' title='bbox 781 3761 816 3799; x_wconf 83' lang='grc' dir='ltr'>σε</span> <span class='ocrx_word' id='word_1_211' title='bbox 840 3736 966 3799; x_wconf 85' lang='grc' dir='ltr'>λιπόντα</span> <span class='ocrx_word' id='word_1_212' title='bbox 988 3737 1114 3820; x_wconf 88' lang='grc' dir='ltr'>πύροος.</span> 
     </span>
    </p>
   </div>
   <div class='ocr_carea' id='block_1_5' title="bbox 0 0 1534 4492">
    <p class='ocr_par' dir='ltr' id='par_1_7' title="bbox 0 0 1534 4492">
     <span class='ocr_line' id='line_1_36' title="bbox 0 0 1534 4492; baseline 0 2"><span class='ocrx_word' id='word_1_213' title='bbox 0 0 1534 4492; x_wconf 95' lang='lat' dir='ltr'> </span> 
     </span>
    </p>
   </div>
  </div>
 </body>
</html>
