3059 4492
695 534 795 624 as

305 703 406 763 Gente
427 721 464 758 ex
487 702 646 760 barbarica
668 709 757 778 parta
776 703 921 779 trophaea
939 705 1016 762 tulit.

262 789 362 848 Huius
386 798 418 848 tu
439 787 565 846 soboles
590 787 695 846 doctas
718 787 911 864 amplecteris
935 798 1027 864 artes,

304 873 388 947 Quas
407 891 504 950 prope
526 872 680 948 depositas
701 873 808 930 ultima
830 873 893 930 fata
916 876 1053 933 trahunt:

262 957 427 1019 cumton
451 956 559 1015 studiis
580 956 860 1016 intermorientibus
885 960 968 1031 orbe,

304 1042 470 1101 Barbaries
493 1042 566 1100 atris
590 1043 673 1101 celsa
693 1043 858 1119 triumphet
879 1044 974 1118 equis.

262 1127 295 1190 Si
314 1127 453 1204 proavis,
475 1126 619 1200 Hernica,
640 1128 700 1185 tuis
722 1146 798 1204 gens
817 1129 946 1186 barbara
964 1128 1067 1201 cessit,

304 1213 468 1272 Barbaries
493 1212 581 1270 debet
603 1214 710 1270 cedere
728 1213 809 1270 victa
833 1213 896 1271 tibi.

618 1382 668 1440 36.
714 1379 831 1439 Eidem.

262 1466 396 1525 Borboni
418 1465 557 1524 columen
581 1466 713 1543 generis,
735 1467 784 1523 cui
804 1465 909 1524 Pallas
933 1468 1078 1529 honestas

305 1554 398 1609 Artes
421 1551 472 1608 dat
492 1569 600 1626 puero,
622 1571 693 1609 mox
715 1551 799 1609 dabit
818 1569 902 1608 arma
923 1551 1003 1624 vir03

262 1635 313 1696 Ne
335 1637 455 1708 mirere,
475 1635 531 1692 tibi
552 1637 578 1694 si
600 1656 656 1713 pro
681 1655 818 1694 sermone
838 1636 973 1712 pedestri

305 1721 453 1779 Mittimus
476 1720 642 1796 imparibus
662 1722 756 1780 verba
778 1721 875 1799 ligata
895 1721 1004 1780 modis.
1120 1781 1123 1788 ,

240 1841 243 1847 .
262 1807 384 1865 Blanda
405 1806 448 1863 tui
469 1806 543 1862 facit
564 1807 629 1879 hoc,
654 1825 732 1880 quac
753 1825 808 1865 nos
831 1807 924 1879 fovet,
952 1825 1025 1864 aura
1046 1807 1178 1867 favoris:

308 1892 397 1949 Hanc
417 1891 447 1948 in
470 1899 571 1949 mente
592 1910 661 1948 mea
682 1890 809 1949 ventilat
828 1891 882 1949 illa
903 1891 1010 1950 facem.
1108 1955 1109 1960 χ

264 1977 345 2036 Nam
367 1976 440 2032 mihi
462 1976 651 2051 nescioquis
676 1995 820 2036 recreans
840 1976 872 2032 in
895 1978 1030 2034 carmina
1052 1978 1131 2036 vires

289 2063 410 2120 'Ardor
430 2061 581 2118 amicitiae
604 2061 700 2137 spirat
718 2061 756 2118 ab
779 2062 849 2138 igne
867 2068 954 2118 tuae:

264 2147 430 2224 Ignotoque
450 2146 540 2204 rudcs
562 2155 733 2221 praetentat
751 2145 896 2222 Apolline
919 2164 1038 2218 sensus,

308 2230 513 2307 Quaecunque
536 2231 611 2289 haec
634 2232 759 2304 visast,
782 2250 871 2306 quam
890 2239 959 2289 tuus
984 2231 1068 2288 afflat
1083 2249 1179 2290 amor.

265 2315 332 2376 Nec
354 2336 426 2374 vero
449 2324 581 2373 metuam
605 2335 642 2373 ne
664 2316 720 2374 sim
743 2317 809 2374 sine
832 2316 1083 2389 carminantes,

307 2402 381 2478 Ipsa
400 2420 499 2458 meum
519 2401 615 2459 virtus
636 2420 706 2458 nam
727 2409 780 2459 tua
801 2420 922 2458 carmen
938 2401 1003 2458 crit,

308 2571 358 2629 37.
407 2573 468 2628 Iac.
500 2570 633 2647 Augusto
666 2572 802 2640 Thoans,
834 2570 931 2628 Notas
958 2572 988 2627 tc
1019 2572 1135 2630 Nouum

516 2657 725 2714 Testamentum
750 2657 933 2731 efflagitanti.

267 2741 294 2801 Ο
314 2742 421 2798 Musas
444 2749 474 2798 et
495 2760 553 2799 nos
574 2739 664 2816 parili
687 2739 866 2815 complexus
892 2757 1006 2813 amore,

307 2826 463 2883 Musarum
488 2833 518 2883 et
539 2835 677 2884 nostrum
699 2824 798 2897 dulce,
820 2824 959 2897 Thoans,
984 2826 1094 2897 decus;

264 2910 325 2969 Pro
347 2930 405 2985 quo
427 2930 487 2968 non
509 2911 642 2968 dubitem
664 2918 744 2967 totas
769 2929 807 2967 ex
829 2909 932 2966 ordine
954 2918 1072 2983 noctes,

307 2990 459 3054 Noctibus
483 3004 514 3053 et
534 3004 613 3054 totos
637 2995 814 3053 continuare
837 2994 920 3065 dics3

266 3077 346 3152 Quid
369 3099 417 3137 me
438 3080 533 3139 divini
553 3080 620 3139 velo
642 3089 790 3139 summota
813 3079 926 3138 silentii

308 3166 403 3242 Legis
424 3164 622 3242 Apostolicae
644 3174 769 3242 tangere
793 3184 880 3223 sacra
899 3164 1008 3224 iubes?

264 3250 345 3308 Ecce
369 3251 565 3326 profanorum
587 3251 721 3308 maculas
743 3250 867 3308 abolere
890 3258 1047 3326 parantem

307 3335 477 3412 Impatiens
495 3336 561 3393 veri
583 3356 645 3393 non
665 3334 734 3392 tulit
755 3335 879 3392 invidia.

266 3417 390 3480 Scilicet
411 3421 443 3478 in
467 3441 536 3479 vero
559 3440 661 3478 verum
682 3420 832 3496 patienter
852 3419 1005 3490 amabunt,

309 3503 368 3578 Qui
389 3525 492 3563 verum
507 3507 538 3563 in
558 3506 646 3583 nugis
669 3525 726 3562 non
749 3513 871 3580 potuere
893 3503 964 3577 pati.

265 3589 392 3648 Illorum
413 3591 439 3648 si
462 3592 528 3649 luce
552 3609 607 3648 sua
628 3589 823 3666 praestringit
840 3587 954 3645 ocellos

311 3673 365 3734 Sol
387 3695 484 3749 meus,
502 3684 569 3734 uret
587 3693 641 3735 eos
666 3676 713 3734 sol
736 3691 822 3732 meus
844 3673 919 3750 igne
935 3691 1000 3732 suo.

931 3853 976 3912 3.
