3059 4492
728 478 880 573 a—ro

289 687 302 704 ,.
345 647 500 708 ÷Natantis
523 647 586 705 alni
606 646 771 720 caudicem,
793 655 827 706 ut
849 649 1058 725 crepusculum

356 733 466 792 Puella
488 751 599 804 serum,
620 731 723 790 mobili
749 733 817 791 visu
836 733 955 811 legens,

358 819 483 878 Aheuco
503 818 629 876 latronis
652 835 726 876 ense
748 817 863 878 territa.

282 897 349 956 1435
358 902 446 962 Multi
465 903 600 975 labores,
620 901 716 960 multa
733 901 808 960 belli
828 903 937 961 funera

355 988 453 1048 Erunt
472 988 612 1060 virorum,
633 1005 713 1045 nuno
734 987 836 1064 gravis
859 987 1026 1046 certamina

287 1107 291 1128 .
360 1074 409 1134 Ob
433 1081 553 1150 sceptra
575 1072 662 1148 regni
682 1071 801 1131 sortiter
821 1073 1010 1147 certantium,

356 1157 447 1217 Nunc
467 1158 599 1216 exaratis
619 1157 652 1214 iu
674 1157 767 1214 boum
785 1158 962 1217 novalibus:

356 1243 439 1302 Dum
461 1244 570 1302 crudus
590 1244 683 1300 heros
706 1242 807 1317 sopiat
828 1242 942 1301 bellum
966 1261 1059 1320 grave

281 1326 350 1381 1440
358 1329 406 1389 Ab
428 1330 530 1388 Aeaeo
551 1335 641 1401 atque
662 1326 806 1384 Dardano
827 1326 941 1387 ducens
962 1345 1070 1404 genus,

358 1413 544 1489 Thesprotus
565 1420 723 1485 utrumque
746 1419 777 1468 et
799 1410 1005 1472 Chaladraeus
1027 1413 1095 1472 leoz

289 1541 293 1548 .
358 1498 489 1559 Omnem
511 1505 542 1555 et
567 1496 710 1575 supinans
734 1497 836 1556 fratris
858 1516 995 1557 eversam
1014 1498 1151 1571 domum,

356 1582 585 1642 Formidolosos
603 1589 692 1658 coget
713 1582 844 1658 Argivos
864 1583 957 1641 duces

357 1666 439 1725 Ditis
463 1665 632 1724 Chaladrae
655 1684 780 1724 suevum
801 1667 919 1725 adulari
936 1667 1051 1743 lupum,

280 1751 348 1807 1445
356 1752 397 1810 Et
418 1760 540 1829 sceptra
557 1751 650 1828 prisci
667 1751 856 1828 principatus
878 1753 1007 1810 madere.

357 1835 415 1896 Cui
438 1844 526 1894 sexta
543 1836 603 1894 iam
623 1844 693 1913 post
714 1837 817 1896 saecla
837 1845 984 1914 cognatus
1003 1855 1089 1896 meus

258 1991 262 1998 ²
355 1923 466 1981 Manus
485 1923 603 1981 feroces
623 1939 786 1981 conserens
809 1922 1012 1997 quinquertio,

355 1997 529 2081 Terraeque
551 2025 707 2082 aquaeque
728 2026 789 2064 non
808 2025 953 2067 recusans
977 2007 1127 2085 sagmina,

354 2092 438 2150 Inter
458 2092 583 2151 sodales
605 2100 668 2148 tum
692 2091 773 2149 cluet
792 2093 982 2165 veterrimus,

280 2176 463 2235 ltsoPartas
485 2176 585 2235 duello
609 2176 732 2252 primitu
756 2177 882 2235 exuvias
902 2179 1015 2236 ferens.

356 2260 435 2335 Quid
452 2261 565 2320 misera
585 2261 708 2339 longum
729 2269 846 2337 tempus
869 2262 901 2319 in
924 2263 1032 2322 surdus
1053 2270 1172 2340 petrae,

357 2345 471 2407 Surdas
493 2346 654 2424 procellas,
675 2346 777 2405 irritas
798 2354 902 2406 cautes
923 2347 1044 2422 loquor,

356 2430 459 2492 Sonos
480 2433 588 2490 inanes
609 2432 671 2491 oris
692 2431 847 2491 ineassum
866 2432 972 2491 ciens?

355 2515 504 2576 Nostram
526 2516 684 2594 obrogavit
705 2515 829 2594 Nuptus
852 2517 1014 2592 antiquans
1035 2516 1138 2590 fidem,

279 2605 346 2661 1455
356 2599 489 2660 Rumore
511 2621 590 2660 vano
610 2602 812 2660 veriverbium
831 2602 966 2675 illinens,

354 2688 547 2761 Montemque
570 2694 670 2744 certae
691 2687 830 2746 dictionis
853 2706 1008 2764 augurem,

285 2805 289 2821 «
343 2770 471 2830 Passus
490 2772 644 2847 repulsam
661 2764 788 2846 quorum
811 2774 932 2831 amabat
954 2773 1087 2848 assequi.

355 2856 467 2914 Verum
487 2875 557 2914 esse
580 2857 681 2928 faciet,
704 2864 734 2914 et
754 2855 836 2914 malo
858 2857 984 2917 edoctus
1006 2877 1062 2917 suo

356 2939 444 3014 Quis,
467 2940 548 3016 quod
568 2941 690 2999 iuvandi
712 2942 842 3018 patriam
865 2941 950 3001 nulla
972 2951 1019 3001 est
1037 2943 1098 3014 via,

277 3029 346 3084 1460
356 3024 549 3085 Carmentem
570 3026 689 3084 abunde
710 3025 901 3084 hirundinem
918 3027 1095 3086 laudaverit

353 3111 485 3169 Tantum
506 3110 606 3168 locuta
627 3119 684 3183 est,
708 3119 738 3168 et
760 3112 919 3189 reciproco
940 3113 1019 3189 pede

353 3193 451 3254 Recta
471 3196 596 3273 petebat
618 3215 730 3269 carcer,
755 3204 845 3272 atque
867 3197 900 3254 in
920 3205 1044 3275 pectore

354 3278 471 3341 Sirenis
495 3281 647 3357 expiravit
668 3281 792 3340 ultimos
816 3283 925 3342 modos

354 3363 436 3424 Glari
460 3366 616 3438 sacerdos,
638 3373 729 3442 atque
749 3365 855 3426 Nesus
877 3367 960 3426 filiae

277 3454 345 3510 1465
353 3452 458 3528 Augur
480 3451 616 3523 satelles,
639 3451 728 3525 quale
749 3450 887 3510 Picatum
907 3453 1022 3529 loquax

353 3536 531 3608 Monstrum,
555 3535 689 3594 involuta
709 3537 804 3595 verba
820 3536 892 3596 lime
910 3538 1053 3597 tinniens.

283 3651 286 3665 ·
352 3619 418 3696 Ego
437 3619 624 3695 implicatum
646 3621 838 3682 nuntiaturus
860 3623 915 3682 tibi

353 3703 433 3764 Veni
453 3704 600 3763 furentem
620 3705 747 3780 virginis
769 3706 884 3768 Fatuae
904 3727 1021 3783 sonum,
