3059 4492
726 459 878 552 *Q*

343 622 417 683 Non
438 624 486 682 hio
508 632 649 686 veternas
672 626 867 687 dormientem
891 629 1007 704 coepiat

345 708 518 769 oblivionis
537 709 692 785 Equirium
714 713 920 772 Melanthium.

344 793 484 868 Namque
505 795 562 854 ibit
581 796 637 854 ibit
655 799 807 855 nauticum
828 798 868 855 ad
890 798 991 856 Rithri
1012 798 1123 873 sinum,

348 879 388 937 Et
411 878 512 937 Neriti
532 899 690 939 cacumen:
710 882 876 941 intuebitur

278 964 332 1019 770
348 965 463 1022 Vastos
485 973 612 1040 penates
637 985 753 1041 susque
772 968 869 1042 deque
888 968 1023 1027 funditus

347 1049 464 1126 Lux[u]
486 1069 645 1126 procorum
668 1051 807 1128 turpium.
827 1060 860 1110 at
882 1060 1003 1128 scrapta
1022 1052 1164 1130 improba

348 1132 492 1210 Speciose
512 1135 682 1194 adulterata
703 1137 840 1196 corrodet
861 1137 993 1211 domum,

347 1219 437 1279 Luxu
459 1220 571 1278 miselli
591 1223 726 1281 absentis
751 1222 910 1282 effundens
927 1241 1014 1298 opes.

346 1309 446 1378 Atque
466 1305 532 1380 ipse
549 1306 660 1364 ibidem
684 1307 878 1382 pluraquam
900 1308 932 1366 in
956 1306 1061 1368 Scaeis
1083 1306 1166 1365 mala

279 1387 330 1440 775
348 1388 464 1448 Videns
486 1390 693 1464 famelicosus,
717 1412 737 1449 a
756 1391 928 1452 domesticis

346 1474 446 1532 Minas
469 1482 567 1534 toroso
590 1476 714 1534 tetricas
738 1476 832 1536 dorso
852 1477 916 1552 pati
1052 1548 1057 1550 .

348 1557 461 1619 Sanuis
483 1578 640 1635 repressus
664 1563 771 1634 discet,
794 1569 825 1619 et
844 1562 976 1638 pavirier

347 1643 464 1720 Pugnis
486 1644 609 1720 iniquis,
631 1646 832 1723 frivolquue
854 1647 993 1706 iactibus.

348 1727 416 1788 Nec
437 1729 557 1788 insueta
580 1732 674 1808 flagra
694 1740 778 1790 suut:
800 1731 952 1789 uberrima

280 1820 332 1874 780
348 1814 442 1872 Vibix
466 1824 566 1873 manet
585 1815 735 1875 Thoantis
756 1817 789 1874 iu
807 1818 900 1894 tergis
920 1816 1017 1874 adhuc

348 1899 455 1959 Lentis
477 1900 588 1960 botulis
608 1903 735 1976 sculpta,
755 1920 832 1976 quac
851 1902 928 1960 trico
946 1920 1057 1960 nocens

349 1982 445 2045 Siccis
467 1985 554 2062 genis
577 1986 714 2064 infligere
737 1987 957 2059 exhortabitur,

349 2068 471 2129 Gratam
497 2071 627 2130 libenter
649 2072 765 2146 corpori
786 2071 961 2146 insculpens
982 2079 1085 2130 uotam

349 2155 392 2215 Ut
413 2156 535 2214 nescios
556 2157 672 2214 illectet
693 2156 820 2215 oculatis
846 2157 935 2215 malis

282 2243 333 2297 785
350 2239 479 2313 Hostes,
502 2242 634 2317 querelis
653 2242 817 2318 principem
837 2241 985 2300 inducens
1008 2260 1129 2300 senem:

352 2323 447 2396 Quem
467 2325 632 2403 Bombylea
653 2327 753 2399 vallis,
777 2333 808 2384 et
826 2326 991 2385 Temmicia

350 2410 466 2468 Infame
488 2412 574 2470 uobis
598 2420 677 2470 terra
697 2412 843 2486 produxit
861 2412 982 2484 malum,

351 2492 494 2555 Servatus
512 2516 590 2556 unus
611 2498 776 2556 navitarum
795 2497 825 2553 in
840 2497 982 2572 patriam.

350 2580 509 2640 Postremo
532 2582 629 2656 qualis
653 2583 734 2640 larus
761 2581 901 2658 augorius
925 2581 1027 2653 marie,

281 2665 334 2719 790
351 2663 499 2738 Salsaque
522 2685 627 2724 murex
648 2685 757 2741 corpus
780 2667 860 2723 unda
882 2667 1042 2738 exercitae,

351 2750 507 2809 Exhausto
527 2751 601 2808 luxu
621 2751 836 2810 Proniensium
860 2753 939 2810 bona

1117 1971 1131 2002 ί

352 2835 435 2894 Olim
459 2855 477 2892 a
494 2836 637 2896 Lacaena,
651 2837 753 2911 putida
772 2836 931 2895 offendens
949 2835 1031 2909 lupa,

350 2920 447 2978 Portu
465 2921 571 2979 relicto
591 2939 699 2996 passus
723 2921 841 2980 occidet
863 2940 960 2980 senex

352 3003 466 3065 Corvus
490 3007 546 3064 sub
569 3007 659 3065 armis
679 3005 779 3064 Neriti
798 3007 881 3064 lucos
904 3023 1011 3082 prope:

282 3087 333 3140 795
352 3092 450 3166 Quem
473 3091 566 3152 latere
585 3092 675 3150 ‘fosso
698 3091 800 3166 cuspis
823 3089 997 3149 incurabilis

350 3176 450 3235 Piscis
472 3177 591 3235 necabit
608 3177 711 3235 aculeo
736 3175 887 3236 Sardonii.

350 3260 509 3336 Notusque
528 3263 622 3337 patris
645 3261 780 3319 carnifex
800 3261 966 3331 vocabitur,

351 3346 480 3405 Achillis
503 3347 556 3404 ille
578 3347 781 3406 consobrinus
803 3345 951 3422 coniugis.

350 3430 430 3490 Post
449 3431 540 3489 funus
563 3451 704 3509 augurem
724 3432 857 3506 Eurytan
876 3429 1007 3505 populus
1027 3427 1117 3502 colet,

282 3508 335 3564 80⁰
352 3517 392 3574 Et
414 3517 465 3592 qui
486 3517 584 3575 cubile
606 3517 794 3592 Trsmphyse
815 3515 930 3575 celsum
950 3521 1049 3572 tenet:

352 3601 389 3659 In
413 3621 471 3676 qua
491 3603 610 3662 necabit
632 3602 792 3660 Herculem
814 3619 919 3660 rursus
942 3598 1030 3657 draco

353 3687 546 3764 Tymphaeus
569 3689 601 3746 iu
614 3687 769 3754 convivio,
790 3705 847 3746 rex
866 3683 1037 3758 Aetbicum,
