3059 4492
685 520 836 616 Effi-

307 691 403 771 ζ·(53)
561 685 668 760 Χθιζά
690 709 750 768 μοι’
762 684 980 770 Ἑρμώνασσα.

235 777 242 784 ’
305 777 388 837 Dum
410 776 489 835 forte
509 777 652 836 hesterno
671 776 806 836 titubans
824 773 954 852 vestigia
975 783 1049 851 potu

348 861 500 921 Vestibuli
521 863 636 938 primas
660 861 753 920 induc
777 861 973 942 senatores,

306 947 517 1007 Hermonassa
540 947 647 1024 scyphi
669 946 795 1022 lympha
818 964 866 1003 mc
879 942 1017 1023 spargit:
1041 952 1072 1002 et
1091 944 1164 1004 illas

348 1031 474 1104 Turbae,
497 1051 572 1107 quas
591 1033 644 1090 vix
662 1031 716 1088 lux
737 1037 890 1090 struxerat
908 1050 981 1103 una,
992 1021 1116 1089 comes.

307 1115 368 1178 Sed
381 1117 478 1194 magis
490 1125 576 1176 ustus
590 1135 668 1192 equa
680 1117 778 1193 magis
792 1117 869 1174 arsit
884 1134 954 1172 nam
967 1116 1097 1192 scyphus
1111 1135 1152 1174 ex
1162 1117 1228 1175 bac

348 1203 464 1261 Mellito
486 1201 595 1262 tacitas
617 1199 702 1259 duxit
724 1202 761 1259 ab
784 1220 837 1260 ore
861 1201 954 1258 taces.

308 1371 405 1448 (pt)
557 1365 681 1447 Φράζεό
708 1388 759 1448 μοι
780 1363 982 1449 Κλεοφάντις.

307 1457 419 1533 Aspice
426 1477 435 1528 ;
463 1453 552 1530 quale
574 1455 684 1528 decus,
707 1454 881 1530 quaemus,
904 1451 1101 1528 Cleophanti‚
1125 1454 1201 1515 duo-

964 1557 1030 1597 rum
1052 1546 1110 1613 est,

351 1623 437 1699 Quos
460 1624 575 1700 pariter
593 1625 700 1701 rapido
723 1624 843 1682 turbine
864 1632 967 1682 versat
985 1625 1090 1682 Amor.

308 1711 395 1786 Quae
416 1708 489 1768 belli
512 1709 570 1781 vis,
590 1710 695 1782 quisve
715 1716 825 1782 metus,
847 1727 924 1783 quae
937 1717 1039 1766 'causa
1058 1709 1191 1785 pudoris

349 1793 419 1854 Hos
442 1793 562 1852 dirimat
584 1795 698 1852 sanctis
720 1794 849 1852 nexibus
871 1792 1054 1868 implicitos?

306 1879 426 1939 Dentur
446 1878 548 1937 vincla
568 1880 654 1952 mihi,
675 1898 752 1953 quae
774 1879 902 1936 Lemnia
920 1878 1048 1936 fabricat
1066 1882 1166 1954 incus,

350 1964 494 2040 Quosque
516 1964 601 2022 vafra
618 1963 717 2024 nodos
737 1963 886 2022 Mulciber
905 1970 969 2021 arte
992 1964 1078 2022 facit:

235 2077 238 2082 ·
307 2050 476 2110 Dummodo
493 2057 523 2106 te
544 2049 729 2125 amplectens
750 2048 878 2124 cupidis,
901 2067 971 2106 mea
990 2049 1072 2123 Vita,
1094 2048 1225 2110 lacertis

350 2136 493 2194 Perfruor
514 2135 545 2192 in
568 2135 711 2193 membris
732 2133 843 2210 gaudia
862 2133 957 2210 longa
976 2134 1047 2192 tuis.

308 2221 395 2279 Tunc
417 2228 487 2278 tunc
505 2219 631 2296 hospes,
654 2227 684 2276 et
702 2217 873 2295 indigenae,
895 2218 1057 2294 fessusque
1077 2219 1194 2293 viator,

350 2306 400 2363 Me
421 2305 554 2378 videant,
578 2312 694 2363 etcum
715 2304 842 2381 coniuge
864 2304 1029 2363 sacrificus.

310 2474 406 2553 ζ(55)
601 2464 707 2537 Ἐξότε
731 2490 784 2549 μοι
801 2468 925 2529 πίνοντι.
985 2516 989 2523 .

308 2558 357 2617 Ex
381 2576 441 2633 quo
463 2557 536 2616 olim
558 2565 671 2634 potans
694 2575 811 2614 mecum
833 2563 959 2632 potante
980 2555 1121 2616 Chariclo

350 2643 486 2719 Ingessit
503 2643 604 2700 furtim
627 2642 753 2718 propria
776 2649 858 2700 serta
880 2642 964 2715 mibi,

310 2725 421 2785 Totum
444 2727 522 2803 ignis
544 2745 592 2785 me
611 2733 706 2784 exest.
729 2726 767 2785 In
788 2745 834 2799 ea,
856 2734 937 2802 puto,
960 2745 1091 2803 namque
1104 2745 1225 2787 corona

350 2811 397 2885 Id,
419 2831 478 2887 quo
502 2811 577 2870 arsit
598 2809 714 2871 Glauce
734 2819 805 2868 nata
827 2809 980 2884 Creontis,
1004 2820 1077 2870 erat.

311 2980 407 3058 cmo)
582 2973 622 3040 ‘O
645 2973 763 3057 θρασὺς
785 2975 939 3060 ὑψαύχην.

309 3064 435 3126 cervice
460 3064 547 3138 elata,
571 3070 726 3123 contracta
746 3063 856 3142 fronte,
879 3083 1014 3140 severus,

350 3150 440 3209 Nunc
464 3157 511 3208 est
530 3148 659 3226 virginci
678 3147 796 3206 ludicra
818 3167 890 3206 cura
909 3149 979 3209 ioci.

307 3238 388 3295 Ante
409 3243 492 3293 ratus
515 3242 649 3292 teneram
667 3233 799 3291 tumidus
821 3233 951 3293 laesisse
972 3233 1117 3310 puellam,

351 3319 440 3381 Colla
461 3319 556 3377 dedit:
579 3337 658 3376 nunc
680 3336 735 3394 spe
756 3318 867 3376 decidit
887 3319 957 3396 ipse
979 3338 1044 3378 sua.

308 3405 339 3464 Is
362 3405 455 3464 modo
475 3399 623 3462 femineas
646 3402 775 3477 supplex
793 3403 864 3461 iacit
884 3423 938 3463 ore
958 3403 1116 3480 querelasz

349 3489 409 3547 Illa
428 3506 528 3548 mares
552 3489 667 3545 animos
686 3487 801 3544 lumine
822 3495 909 3547 torva
928 3490 1014 3566 gerit

307 3573 401 3650 Virgo
424 3573 525 3645 ferox,
546 3572 682 3646 quamvis
705 3571 769 3630 irae
795 3580 842 3631 est
862 3574 1032 3633 iustissima
1057 3591 1182 3647 caussa,

351 3657 446 3715 Parce
466 3657 588 3716 animis:
610 3655 752 3715 Nemesis
774 3656 836 3715 tela
857 3661 1027 3736 propinqua
1048 3658 1133 3717 time.
