3059 4492
644 507 794 602 *ae—-

264 675 329 735 Nec
347 675 412 734 ulla
434 676 537 747 restis,
559 683 610 733 aut
632 677 739 736 colorii
759 676 848 736 funes

263 762 408 839 Plagnlas
430 761 587 833 reducunt,
609 759 751 820 annulive
772 761 908 819 velares:

264 846 325 907 Sed
345 846 416 906 sola
437 865 558 904 somnos
581 849 756 922 praebitura
779 863 903 905 securos

261 931 381 990 Aulaea
402 931 478 990 situs
501 950 670 991 araneosus
695 931 840 990 obtendit.

262 1017 322 1075 Pro
346 1016 492 1075 stramine
511 1016 566 1087 illi,
586 1017 776 1096 culcitaeque
798 1024 931 1074 tomento

264 1103 320 1160 Vel
345 1108 498 1160 scorteum
521 1111 670 1178 segestre,
693 1100 742 1160 vel
764 1119 861 1160 senex
881 1106 980 1173 cento,

261 1188 301 1246 ltt
320 1206 376 1264 pro
398 1193 511 1262 tapete,
534 1205 652 1263 proque
674 1186 809 1264 stragula
833 1193 930 1258 veste,

261 1271 471 1331 llxfimbriatis
494 1271 632 1330 obsoleta
652 1271 774 1329 fratillis

261 1361 409 1432 Anusque
430 1355 528 1427 lodix,
550 1375 744 1433 gausapeque
768 1355 922 1426 detritum3

262 1441 534 1517 Substerniturque
557 1441 639 1499 mille
660 1442 790 1499 murium
814 1441 938 1516 praeda,

260 1532 307 1587 Ac
328 1526 494 1586 suricinum
515 1526 627 1585 linteus
649 1527 806 1598 minutale,

262 1612 325 1688 Qui
347 1612 447 1687 possit
469 1631 538 1670 esse
560 1612 747 1670 ruderarium
773 1611 917 1669 cribrum:

260 1697 407 1771 Idemque
428 1715 551 1755 mensae
571 1699 666 1755 servit
687 1716 764 1756 unus
788 1705 817 1754 et
838 1696 930 1768 lecto,

261 1780 390 1841 Mantile
411 1782 510 1839 nudae
529 1782 624 1841 servit
645 1791 674 1839 et
695 1781 775 1840 toral
795 1800 930 1839 mensae.

261 1866 311 1925 Ne
334 1867 534 1925 dormientem
556 1867 658 1925 laedat
679 1887 753 1925 aura
775 1876 931 1938 nocturna,

263 1953 356 2028 Quod
377 1951 420 2008 nil
442 1952 481 2010 sit
500 1952 558 2025 illi,
581 1953 633 2029 qui
656 1961 746 2029 caput
763 1959 847 2030 tegat
867 1959 969 2022 noctu,

263 2036 437 2096 Calvariam
456 2045 553 2095 armat
575 2038 779 2114 subligaribus
800 2035 930 2094 braccis:

262 2123 333 2181 Hoc
356 2121 514 2180 involucro
536 2131 643 2194 tectus,
666 2125 724 2181 hoc
748 2131 778 2180 et
798 2122 927 2178 amieetu

263 2206 494 2268 Subfareinatus
515 2208 554 2264 ad
574 2208 729 2267 meridiem
750 2206 859 2268 stertit.

263 2292 488 2368 Compendioea
507 2293 656 2353 sumtibus
676 2294 725 2351 via
744 2309 892 2368 percense

263 2378 386 2454 Quippe
405 2396 466 2434 una
487 2377 590 2454 opella
601 2379 740 2455 prandet,
756 2386 786 2435 et
802 2376 891 2436 simul
905 2381 1024 2446 coenat,

261 2464 302 2521 Et
322 2463 428 2535 ientat,
452 2471 481 2519 et
503 2463 670 2535 merendat,
694 2472 784 2538 atque
807 2461 962 2520 comissat.
1039 2494 1040 2502 κ

263 2546 370 2607 Coena
390 2548 459 2623 ipsa
478 2547 569 2624 frugi,
587 2547 784 2624 Socratieque
806 2546 1012 2624 praesoript03

263 2633 374 2690 Vinum
393 2650 475 2703 asse,
488 2634 578 2708 panis
593 2653 675 2706 asse,
695 2642 724 2692 et
740 2651 812 2692 asse
827 2632 1023 2709 pulmentum.

263 2717 395 2790 Ancilla,
418 2716 538 2793 qualem
561 2738 623 2776 non
647 2720 758 2778 habere
781 2717 965 2776 Moncaudus

262 2808 377 2862 Averet
399 2802 501 2874 aliam,
524 2803 583 2876 vel,
607 2805 634 2863 si
657 2813 771 2876 averet,
795 2803 874 2861 haud
895 2811 1020 2879 posset3

265 2886 461 2946 Cadaverosa
481 2888 593 2961 fronte,
613 2890 753 2964 pendulis
774 2887 880 2960 labris,

265 2971 401 3044 Cariosa,
424 2991 524 3045 casea,
547 2972 651 3034 Troici
674 2994 792 3033 memor
813 2972 897 3045 belli,

264 3058 445 3116 Pannuceas
467 3058 499 3116 in
521 3079 571 3116 ore
594 3061 768 3134 praeferens
790 3077 892 3136 rugas.

264 3144 407 3202 Eretriae
429 3143 504 3200 haee
523 3144 602 3203 forte
624 3145 666 3220 (si
687 3153 789 3203 tamen
813 3142 918 3218 verrit)

263 3229 497 3286 Protuberantis
522 3228 634 3306 colligit
657 3230 832 3305 pavimenti,

265 3312 375 3391 Scopis
398 3312 518 3386 solutis,
541 3323 593 3372 aut
611 3315 711 3373 inutili
734 3335 830 3374 ramo.

265 3398 353 3456 Haec
371 3406 468 3475 terget
487 3398 579 3470 ollas,
600 3400 707 3476 implet
728 3400 879 3476 hydriam:
903 3398 1010 3457 sordes

264 3483 304 3542 Et
330 3490 446 3542 stercus
468 3484 570 3542 effert:
592 3485 665 3542 eluit
685 3484 878 3543 lavatrinam.

266 3568 455 3644 Quotieaque
475 3569 551 3626 tenti
572 3570 650 3628 vatis
675 3578 818 3628 aestuans
838 3569 950 3644 inguen

266 3651 478 3731 Singultientis
501 3654 606 3732 arrigit
626 3664 726 3713 tumor
746 3673 852 3726 venae,

265 3739 385 3796 Inemta
397 3739 501 3798 Venus
522 3739 592 3798 huic
610 3748 640 3796 et
660 3739 809 3816 parabilis
826 3744 950 3815 praesto
968 3746 1026 3809 est,
