3059 4492
369 639 500 717 Opimos
523 641 624 719 gladio
651 661 760 722 greges

367 724 512 802 Impedit,
536 745 719 804 gregumque
740 729 843 789 duces.

367 810 440 868 Teu.
485 812 535 870 Me
555 811 712 872 miseram:
733 833 839 874 amens
860 815 1022 876 indeindc
1046 819 1122 879 foris

368 892 497 970 Captiva
513 915 605 954 mauu
626 899 721 956 traxit
745 918 871 975 pascua.

365 979 488 1038 Partem
513 982 545 1040 in
564 980 646 1040 nuda
665 984 813 1062 iugulavit
836 985 936 1043 humo.

365 1064 488 1124 Partem
514 1066 646 1124 mediam
667 1069 746 1127 male
767 1069 922 1128 dissecuit.

365 1149 437 1210 Duo
457 1151 586 1230 lanigeri
604 1171 748 1228 proceres
769 1156 902 1237 pecoris,

365 1236 455 1294 Illum
480 1237 589 1314 capite,
613 1242 643 1294 et
661 1238 767 1317 lingua
788 1247 917 1298 truncat.

365 1319 456 1379 Hunc
477 1321 613 1381 destituit
635 1332 750 1382 rectum
772 1325 811 1382 ad
831 1324 924 1382 medii

366 1405 516 1465 Columen
537 1406 618 1464 tecti.

364 1490 405 1548 Et
427 1490 492 1549 fera
514 1509 663 1565 quassans
686 1491 822 1563 vulnera,
845 1492 905 1551 lori

366 1573 483 1636 Saevus
505 1576 626 1647 habena
648 1576 774 1634 mulctat
793 1578 905 1653 equini.

364 1663 463 1739 Atque
487 1661 633 1738 oggannit
655 1680 718 1719 non
739 1663 822 1720 bona
843 1657 933 1736 dicta,

365 1744 438 1802 Non
459 1745 632 1804 humanitus
655 1765 694 1803 ca
712 1746 829 1806 doctus.
939 1761 942 1766 ’

675 1831 864 1909 Antictropltc
887 1833 966 1891 XII.

366 1911 421 1973 ch.
465 1914 532 1972 Iam
553 1923 674 1992 tempus
697 1918 852 1975 obnubere
874 1925 921 1977 est
940 1937 990 1976 ca-

366 2007 443 2075 ·put‚
466 1999 569 2059 timide
589 2008 619 2058 et
640 2020 770 2076 propero

363 2083 480 2161 Fugam
502 2104 610 2161 parare
629 2086 719 2144 furtu.

365 2167 615 2246 curriculumque
638 2170 690 2228 citi

363 2252 449 2311 Leuc
471 2255 592 2332 remigii
613 2256 660 2313 in-

365 2339 536 2412 scendere,
558 2359 615 2397 nec
636 2357 762 2417 parcere
784 2340 865 2398 navi.

365 2423 480 2483 Tantas
501 2425 613 2497 minas,
635 2432 738 2500 totque
757 2425 896 2484 volutant
962 2446 965 2450 ⁴

363 2507 510 2568 Proceres
533 2510 659 2569 Atridae

362 2591 475 2652 Duces.
499 2592 665 2671 Saxipetas
687 2613 757 2651 uam

362 2678 473 2754 Populi
494 2697 601 2737 vercor

362 2764 484 2835 Manus,
504 2783 564 2820 neu
583 2782 649 2822 cum
669 2782 706 2821 eo
727 2763 758 2820 in
781 2763 871 2822 malis

363 2846 422 2906 His
445 2847 564 2907 iacente
586 2848 774 2908 condoleam.

363 2932 436 2990 Teo.
476 2933 603 2992 Minime
622 2953 706 2992 vero.
730 2951 851 3007 nanque
874 2931 990 2990 silescit

363 3017 415 3090 Ut,
436 3037 496 3075 non
518 3018 682 3079 vehemens
701 3018 752 3092 qui
774 3017 867 3090 venit,
890 3018 1011 3076 Auster.

363 3101 444 3176 Quin
464 3122 542 3162 nova
563 3122 685 3181 compos
706 3102 833 3161 vulnera
852 3103 953 3160 sentit.

293 3189 344 3244 260
360 3186 441 3246 Nam
462 3206 519 3247 sua
539 3188 598 3248 sibi
620 3208 687 3247 cum
708 3189 777 3262 quis
800 3187 882 3245 mala
901 3193 1030 3265 spectat,

359 3271 399 3330 Et
422 3273 522 3332 socius
544 3274 577 3330 in
601 3275 645 3333 eis
666 3291 754 3330 nemo
774 3273 901 3345 accedit,

358 3357 405 3414 Ea
427 3357 530 3434 magui
556 3364 604 3416 est
630 3375 741 3416 caussa
764 3357 893 3417 doloris.

360 3439 416 3501 Ch.
462 3441 626 3500 Hominem
647 3444 768 3501 beatum
791 3443 819 3502 si
840 3441 920 3500 malo
941 3440 1124 3519 defungitur.

359 3527 495 3584 Absentc
518 3528 623 3586 morbo
644 3547 713 3586 nam
732 3529 894 3586 remittitur
913 3535 1021 3586 metus.

292 3613 342 3667 265
361 3609 434 3666 Teo.
478 3609 596 3668 Harum
616 3611 750 3688 placeret
769 3620 836 3669 utra
857 3610 989 3671 conditio
1007 3610 1124 3688 magis:

362 3691 438 3752 Cum
461 3713 517 3769 per
538 3704 568 3753 te
589 3697 694 3755 amicis
718 3703 765 3754 est
787 3696 877 3770 male,
900 3714 969 3756 esse
990 3696 1046 3754 tibi
1062 3697 1152 3767 bene,
