3059 4492
653 523 803 618 ..²2⁵-

510 749 513 756 .
560 686 679 772 Μηκέτι
699 709 743 757 τις
762 688 914 771 otiien.-
1087 692 1185 769 ((49)

267 779 399 839 Frustra
420 777 531 852 uliquis
554 785 663 852 paveat
685 778 751 836 feru
770 777 832 834 tels
853 774 1023 853 Cupidinis.
1044 777 1101 835 llle

314 862 427 922 Totum
449 862 482 919 in
503 881 552 920 me
573 862 732 939 pharetrae
754 862 815 920 iam
837 862 976 921 vacuavit
998 881 1087 922 onus.

268 949 397 1008 Frustra
419 947 507 1004 etism
530 946 663 1006 assultus
684 947 809 1006 clarum.
835 945 917 1004 Nam
931 946 1006 1004 mihi
1021 955 1185 1024 postquam

161 1179 162 1202 l

161 1211 163 1242 l

161 1245 163 1370 l

312 1032 481 1110 Impositos
500 1033 629 1108 pedibus
649 1040 775 1108 pectora
795 1031 909 1109 pressit
929 1034 1036 1104 Amor,

267 1118 391 1178 Firmus
413 1117 592 1190 inhaerebit,
617 1118 809 1192 stabilisque:
829 1135 928 1191 neque
948 1116 1018 1174 inde
1039 1116 1183 1190 facesset,

314 1201 443 1276 Quando
465 1201 497 1259 in
520 1223 568 1260 me
591 1221 708 1282 pennos
729 1201 861 1262 abscidit
880 1200 934 1259 ille
954 1219 1037 1260 suas.

538 1362 618 1429 Οὔτε
642 1365 732 1449 ῥόδον
758 1366 926 1449 στεφάνων.
1086 1370 1104 1436 ζ
1112 1369 1184 1447 (50)

269 1455 313 1515 Ut
331 1473 406 1516 rose
427 1475 489 1514 non
512 1455 612 1512 minor
631 1462 678 1514 est
698 1462 796 1514 serto:
821 1455 1024 1514 sic·vestibus
1044 1454 1120 1532 ipsis

314 1539 386 1598 Non
409 1559 453 1612 es,
476 1539 635 1617 gemmatis
649 1541 831 1600 'reticulisve
853 1539 962 1598 minor.

271 1623 466 1702 Candorique
488 1633 541 1684 tuo
561 1626 685 1685 baccata
705 1625 832 1686 monilia
851 1625 971 1697 cedunt,

313 1709 513 1788 Impexisque
536 1709 602 1768 auri
625 1710 705 1768 flava
725 1710 821 1769 nitels
843 1710 947 1771 comis.

269 1796 347 1856 inde
370 1795 490 1870 quidem
514 1794 621 1854 rutilos
643 1795 825 1870 hyacinthus
847 1794 980 1872 fulgurat
1000 1795 1099 1872 ignes,

310 1881 495 1940 ¹Luminibus
518 1879 605 1938 cedat
626 1881 680 1938 sed
699 1889 801 1939 temen
820 1880 891 1956 ipsa
910 1879 981 1938 tuis.

270 1965 471 2028 Roscidulum
495 1965 586 2023 decus
611 1966 685 2039 oris,
709 1973 738 2024 et
764 1965 923 2027 emendata
943 1962 1086 2038 loquelae

314 2051 419 2114 Suada
439 2058 519 2122 tuse,
542 2050 671 2109 Veneris
691 2050 762 2126 quid
782 2049 843 2110 nisi
862 2055 962 2108 cestus
984 2048 1011 2106 is
1033 2047 1100 2105 esti

272 2137 391 2198 Cuncta
412 2137 488 2193 haec
509 2155 557 2192 me
578 2135 699 2194 furiant.
727 2136 783 2195 sed
802 2153 851 2192 me
872 2132 1011 2193 solantur
1035 2130 1142 2190 ocellis

313 2223 351 2284 In
372 2221 441 2296 quis
465 2239 536 2296 spes
560 2221 739 2302 sedes-fixit
759 2220 857 2278 amica
879 2237 968 2294 sues.¹

524 2385 586 2469 Τὴν
612 2386 679 2468 πρὶν
701 2364 947 2467 ἐνεσφρῆγισσεν.
1089 2385 1185 2462 Mol)

272 2479 332 2537 Illa
351 2477 396 2534 tui
418 2475 518 2534 vultus
539 2474 691 2550 quondam
713 2467 884 2550 praesentis
905 2472 1006 2549 imago

316 2561 415 2636 Quam
435 2561 520 2638 prius
539 2561 570 2618 in
590 2567 696 2619 nostro
719 2568 841 2634 pectore
866 2556 993 2632 sculpsit
1011 2558 1115 2627 Amor,

253 2647 427 2724 'Expuitur
447 2646 515 2703 tibi:
537 2665 586 2704 me
605 2645 762 2704 miseram:
785 2662 889 2702 verum
908 2661 971 2700 uns
991 2639 1111 2700 decoris

315 2732 417 2795 Corde
439 2750 508 2790 meo
532 2731 649 2805 species
671 2737 731 2788 stat
751 2729 826 2801 mihi
844 2727 956 2803 scripta
978 2726 1032 2784 tui.

274 2817 399 2879 Scilicet
421 2817 500 2874 hanc
522 2817 612 2889 oreo,
634 2815 713 2872 hanc
734 2814 904 2886 ostendam,
927 2813 1066 2896 barbare,
1090 2809 1165 2884 Soti,

316 2901 461 2964 Criminis
480 2909 514 2959 ut
533 2901 645 2959 vindex
671 2897 785 2958 Cressa
810 2899 850 2958 sit
871 2917 948 2956 urna
969 2897 1021 2955 tui.

557 3063 691 3148 Δηθύνει
713 3061 916 3146 Κλεοφάντις.
1088 3061 1184 3141 ζ(52)

274 3157 316 3218 Ut
334 3162 437 3214 cessat
458 3153 675 3229 Cleophantisi
694 3153 792 3210 adhuc
812 3152 873 3208 iam
894 3151 985 3208 tertie
1007 3147 1109 3224 coepit

315 3241 446 3300 Lumine
463 3239 638 3317 languidulo
657 3257 749 3314 perca
770 3237 892 3294 lucerna
911 3235 999 3294 mori.

275 3326 323 3384 Ah
344 3333 450 3402 pereat
469 3325 570 3383 cordis
594 3325 637 3384 sic
660 3325 790 3394 flumme,
812 3328 845 3379 ut
866 3322 987 3379 flemma
1004 3318 1162 3377 lucernae:

317 3409 386 3470 Nec
408 3429 456 3469 me
475 3410 617 3487 pervigili
634 3415 748 3468 torreat
768 3407 821 3465 illa
841 3407 918 3464 face.

274 3497 323 3556 Ah
347 3496 466 3571 quoties
491 3496 639 3555 Venerem
660 3491 940 3563 intermutatione,
963 3489 1059 3564 primo

318 3581 475 3657 Vespere?
495 3581 538 3640 nil
558 3579 709 3652 homines,
732 3578 776 3636 nil
796 3577 870 3634 iecit
888 3576 943 3634 illa
960 3574 1053 3635 Deos.

922 3757 984 3818 18*
