3059 4492
728 453 880 548 Q

349 623 479 702 Indigna
504 642 607 682 eorum
627 623 709 682 facta
729 643 799 684 sese
820 623 918 682 ultum
935 624 1041 700 probe.
1138 693 1142 699 ι

280 709 331 764 305
348 709 397 769 Ad
416 715 490 768 nota
510 727 629 768 rursum
648 717 727 766 tecta
750 709 920 786 regreditur
939 708 1078 786 gradum:

349 793 547 868 Tandemque
571 793 681 854 mentis
703 795 735 852 in
757 801 940 870 potestatem
963 793 1077 852 redit·

349 877 392 938 Ut
412 878 498 938 novit
517 897 636 938 omnem
658 898 759 937 errore
783 878 965 955 completam
988 878 1121 952 domum,

348 963 494 1023 Frontem
511 963 591 1036 ferit,
611 963 743 1038 quiritat,
765 963 797 1021 in
817 964 1033 1022 commiscucm

243 1045 246 1051 ’
347 1048 515 1106 lucentium
538 1067 571 1107 se
593 1049 716 1124 proiicit
737 1056 870 1126 stragem
892 1067 1026 1126 gregum,

281 1135 333 1189 310
349 1134 442 1192 Manu
461 1133 644 1209 prehensam
665 1127 829 1191 identidem
853 1134 994 1195 scindens
1020 1151 1153 1192 comam:

348 1218 469 1292 Diuque
491 1225 573 1276 muto
597 1219 730 1277 constitit
752 1217 886 1277 silentio.

348 1303 468 1363 Exinde
491 1303 597 1380 gravia
618 1304 818 1362 comminatus
841 1312 889 1362 est
910 1303 994 1375 mihi,

349 1385 392 1446 Ni
414 1388 600 1446 edisseratur
619 1409 720 1462 omne,
743 1389 885 1465 quicquid
907 1396 954 1447 eet
976 1388 1058 1445 mali.

350 1474 396 1531 Ac
414 1481 497 1532 esset
515 1473 547 1530 in
568 1492 639 1548 quo,
663 1474 883 1546 sciscitabatur,
905 1480 995 1532 statu.

282 1563 333 1617 315
350 1557 409 1616 Hie
431 1558 579 1630 territate,
602 1577 723 1634 quoque
743 1566 831 1636 gesta
852 1559 892 1617 sit
912 1558 1016 1630 modo,

349 1642 390 1700 Et
411 1662 469 1718 quo
492 1643 623 1701 sciebam
644 1645 701 1701 rite
722 1664 787 1702 rem
805 1643 908 1721 pando
932 1642 1047 1702 ordine.

351 1727 438 1786 Tunc
455 1728 523 1804 ipse
544 1735 668 1803 questus
689 1748 828 1805 rumpere
852 1727 1021 1800 eiulabiles,

350 1811 431 1870 Huic
449 1813 535 1889 prius
557 1814 696 1887 inaueoe,
719 1822 808 1889 atque
830 1813 984 1874 inauditos
1007 1811 1097 1870 mihi:

349 1898 502 1974 Expetere
525 1898 602 1958 tales
625 1918 745 1974 nanque
766 1903 920 1959 censebat·
933 1917 1023 1958 sonos

283 1983 334 2038 320
350 1983 515 2060 Ignavitati
534 1985 656 2058 mentis,
680 1992 770 2059 atque
790 1985 952 2044 imbellise.

348 2067 388 2126 Et
409 2086 485 2127 voce
506 2087 649 2144 parcens,
676 2077 765 2144 atque
787 2069 930 2129 lamentis
948 2069 1047 2145 prius,
1079 2086 1081 2089 ’

350 2151 489 2212 Gemitus
503 2155 671 2230 premebat,
694 2164 799 2212 taurus
821 2164 855 2213 ut
874 2153 970 2231 mugit
990 2154 1088 2212 ferox.

349 2236 440 2296 Nunc
463 2239 519 2296 hoc
537 2239 642 2313 iniquo
665 2239 847 2300 constitutus
869 2240 1012 2311 iactatu,

350 2323 388 2380 In
408 2331 507 2400 strage
528 2343 682 2400 pecorum,
704 2323 825 2384 Cereris
850 2324 1012 2384 etBacchi
1032 2342 1152 2397 carens,

282 2417 334 2472 335
352 2407 507 2482 Ferroque
527 2409 626 2468 caesis
646 2411 789 2487 gregibus
811 2411 934 2468 incubat
953 2408 1080 2468 sedens:

278 2519 282 2524 ·
350 2495 395 2551 Ac
417 2494 521 2552 nescio
545 2494 627 2569 quod
647 2495 767 2554 facinus
790 2501 1069 2571 occoeptatgrave.

351 2577 444 2637 Tales
467 2578 728 2652 querelis‘miscet
748 2581 891 2638 eiulitens
915 2598 1019 2638 sonos.

349 2667 391 2722 At
407 2681 475 2735 roe,
497 2663 597 2737 amici,
618 2684 739 2741 nanque
761 2683 798 2722 ee
819 2685 867 2724 me
889 2663 986 2742 gratia

349 2746 420 2805 Huc
439 2748 562 2820 contuli,
581 2750 633 2821 ite,
656 2750 731 2806 ferte
753 2769 853 2826 opem,
876 2750 1026 2821 tutamini,

280 2843 335 2896 330
351 2832 472 2891 Faciles
493 2833 598 2892 amicis
621 2842 692 2892 sunt
710 2835 800 2891 amici
819 2834 938 2892 eimodi.

348 2916 404 2976 Ch.
445 2917 575 2994 Indigna
596 2938 667 2977 vero
693 2919 777 2991 mihi,
801 2919 993 2978 Teleutantie
1017 2935 1125 2994 genus,

346 3001 545 3078 Proloquerie
567 3003 720 3062 hominem
740 3005 968 3081 expectoraricr
988 3001 1087 3060 malis.

348 3087 399 3147 Δί.
442 3088 515 3161 Hei,
538 3088 602 3146 heii

348 3173 421 3232 Tec.
466 3173 546 3248 Quin
569 3192 648 3231 nunc
670 3173 769 3250 magis
790 3173 917 3232 videtur.
939 3193 979 3231 an
998 3172 1166 3232 sentiscitis

280 3267 332 3320 335
350 3256 434 3331 Quas
456 3258 555 3316 fundit
574 3259 655 3318 Aiax
673 3277 724 3316 ore
740 3277 833 3318 voces
852 3258 968 3317 flebili?

348 3343 397 3401 Αἰ.
444 3343 515 3416 Hei,
535 3344 601 3402 heit
1122 3374 1125 3381 ,

349 3425 404 3486 Oh.
447 3429 567 3501 Mirum,
589 3428 621 3487 ni
641 3429 733 3487 homo
758 3437 810 3486 aut
831 3436 980 3507 aegrotat,
1002 3436 1055 3486 aut
1072 3425 1250 3498 offenditur,

348 3512 449 3570 Morbi
470 3513 583 3588 prioris
605 3513 803 3589 poenitudine
822 3515 944 3573 anxius.

348 3594 397 3653 Αἰ.
443 3596 505 3653 Hei
525 3616 613 3672 puer,
634 3597 686 3656 hei
705 3601 796 3674 pueri

280 3691 332 3768 ³49
350 3679 424 3738 Teo.
448 3679 516 3737 Heu
524 3681 637 3740 misera
644 3680 716 3756 quid
723 3684 833 3759 agam?
844 3683 1157 3758 te,puto,1duryssces
1170 3686 1270 3739 vocet.
