<?xml version="1.0" encoding="UTF-8"?>
<!DOCTYPE html PUBLIC "-//W3C//DTD XHTML 1.0 Transitional//EN"
    "http://www.w3.org/TR/xhtml1/DTD/xhtml1-transitional.dtd">
<html xmlns="http://www.w3.org/1999/xhtml" xml:lang="en" lang="en">
 <head>
  <title>
</title>
<meta http-equiv="Content-Type" content="text/html;charset=utf-8" />
  <meta name='ocr-system' content='tesseract 3.04.00' />
  <meta name='ocr-capabilities' content='ocr_page ocr_carea ocr_par ocr_line ocrx_word'/>
</head>
<body>
  <div class='ocr_page' id='page_1' title='image "./poemataomnia01scalgoog_0088.png"; bbox 0 0 3059 4492; ppageno 0'>
   <div class='ocr_carea' id='block_1_1' title="bbox 343 673 1109 752">
    <p class='ocr_par' dir='ltr' id='par_1_1' title="bbox 343 673 1109 752">
     <span class='ocr_line' id='line_1_1' title="bbox 343 673 1109 752; baseline 0 -15"><span class='ocrx_word' id='word_1_1' title='bbox 343 675 634 745; x_wconf 80' lang='lat' dir='ltr'>Coetibnsinsernit</span> <span class='ocrx_word' id='word_1_2' title='bbox 656 675 766 752; x_wconf 88' lang='lat' dir='ltr'>pietas,</span> <span class='ocrx_word' id='word_1_3' title='bbox 790 673 934 749; x_wconf 88' lang='lat' dir='ltr'>caeloque</span> <span class='ocrx_word' id='word_1_4' title='bbox 954 675 1109 737; x_wconf 71' lang='lat' dir='ltr'>fruunturc</span> 
     </span>
    </p>
   </div>
   <div class='ocr_carea' id='block_1_2' title="bbox 343 759 1259 837">
    <p class='ocr_par' dir='ltr' id='par_1_2' title="bbox 343 759 1259 837">
     <span class='ocr_line' id='line_1_2' title="bbox 343 759 1259 837; baseline 0.001 -16"><span class='ocrx_word' id='word_1_5' title='bbox 343 762 434 821; x_wconf 90' lang='lat' dir='ltr'>Hunc</span> <span class='ocrx_word' id='word_1_6' title='bbox 455 779 587 821; x_wconf 89' lang='lat' dir='ltr'>summos</span> <span class='ocrx_word' id='word_1_7' title='bbox 610 760 748 818; x_wconf 89' lang='lat' dir='ltr'>meritum</span> <span class='ocrx_word' id='word_1_8' title='bbox 773 759 891 837; x_wconf 87' lang='lat' dir='ltr'>virtutis</span> <span class='ocrx_word' id='word_1_9' title='bbox 914 759 1034 818; x_wconf 91' lang='lat' dir='ltr'>nomine</span> <span class='ocrx_word' id='word_1_10' title='bbox 1056 761 1157 822; x_wconf 88' lang='lat' dir='ltr'>fasces</span> <span class='ocrx_word' id='word_1_11' title='bbox 1257 829 1259 834; x_wconf 52' lang='grc'>,</span> 
     </span>
    </p>
   </div>
   <div class='ocr_carea' id='block_1_3' title="bbox 265 842 1258 3812">
    <p class='ocr_par' dir='ltr' id='par_1_3' title="bbox 343 842 1027 907">
     <span class='ocr_line' id='line_1_3' title="bbox 343 842 1027 907; baseline -0.004 -2"><span class='ocrx_word' id='word_1_12' title='bbox 343 849 427 905; x_wconf 83' lang='lat' dir='ltr'>Inter</span> <span class='ocrx_word' id='word_1_13' title='bbox 447 847 614 904; x_wconf 88' lang='lat' dir='ltr'>honoratos</span> <span class='ocrx_word' id='word_1_14' title='bbox 634 845 772 907; x_wconf 89' lang='lat' dir='ltr'>admittat</span> <span class='ocrx_word' id='word_1_15' title='bbox 794 842 887 902; x_wconf 83' lang='lat' dir='ltr'>Curia</span> <span class='ocrx_word' id='word_1_16' title='bbox 908 844 1027 904; x_wconf 87' lang='lat' dir='ltr'>Patres.</span> 
     </span>
    </p>

    <p class='ocr_par' dir='ltr' id='par_1_4' title="bbox 343 929 991 1002">
     <span class='ocr_line' id='line_1_4' title="bbox 343 929 991 1002; baseline -0.003 -12"><span class='ocrx_word' id='word_1_17' title='bbox 343 931 466 990; x_wconf 90' lang='lat' dir='ltr'>Iuridici</span> <span class='ocrx_word' id='word_1_18' title='bbox 488 938 588 988; x_wconf 87' lang='lat' dir='ltr'>coetus</span> <span class='ocrx_word' id='word_1_19' title='bbox 612 931 738 989; x_wconf 88' lang='lat' dir='ltr'>secretis</span> <span class='ocrx_word' id='word_1_20' title='bbox 762 929 880 987; x_wconf 88' lang='lat' dir='ltr'>actibus</span> <span class='ocrx_word' id='word_1_21' title='bbox 900 930 991 1002; x_wconf 86' lang='lat' dir='ltr'>adsit,</span> 
     </span>
    </p>

    <p class='ocr_par' dir='ltr' id='par_1_5' title="bbox 343 1013 1040 1074">
     <span class='ocr_line' id='line_1_5' title="bbox 343 1013 1040 1074; baseline -0.003 0"><span class='ocrx_word' id='word_1_22' title='bbox 343 1018 380 1074; x_wconf 89' lang='lat' dir='ltr'>ln</span> <span class='ocrx_word' id='word_1_23' title='bbox 399 1016 499 1074; x_wconf 88' lang='lat' dir='ltr'>medio</span> <span class='ocrx_word' id='word_1_24' title='bbox 521 1015 613 1072; x_wconf 85' lang='lat' dir='ltr'>faciat</span> <span class='ocrx_word' id='word_1_25' title='bbox 634 1015 782 1073; x_wconf 85' lang='lat' dir='ltr'>facundus</span> <span class='ocrx_word' id='word_1_26' title='bbox 803 1015 896 1071; x_wconf 88' lang='lat' dir='ltr'>verba</span> <span class='ocrx_word' id='word_1_27' title='bbox 916 1013 1040 1074; x_wconf 83' lang='lat' dir='ltr'>Senatu.</span> 
     </span>
    </p>

    <p class='ocr_par' dir='ltr' id='par_1_6' title="bbox 342 1099 1074 1176">
     <span class='ocr_line' id='line_1_6' title="bbox 342 1099 1074 1176; baseline -0.003 -16"><span class='ocrx_word' id='word_1_28' title='bbox 342 1101 447 1160; x_wconf 88' lang='lat' dir='ltr'>Nullis</span> <span class='ocrx_word' id='word_1_29' title='bbox 470 1100 618 1160; x_wconf 76' lang='lat' dir='ltr'>occulitur</span> <span class='ocrx_word' id='word_1_30' title='bbox 637 1100 732 1158; x_wconf 87' lang='lat' dir='ltr'>virtus</span> <span class='ocrx_word' id='word_1_31' title='bbox 755 1105 908 1176; x_wconf 84' lang='lat' dir='ltr'>generosa</span> <span class='ocrx_word' id='word_1_32' title='bbox 928 1099 1074 1172; x_wconf 90' lang='lat' dir='ltr'>tenebris,</span> 
     </span>
    </p>

    <p class='ocr_par' dir='ltr' id='par_1_7' title="bbox 265 1182 1258 1434">
     <span class='ocr_line' id='line_1_7' title="bbox 265 1182 1213 1263; baseline -0.003 -16"><span class='ocrx_word' id='word_1_33' title='bbox 265 1187 269 1194; x_wconf 76' lang='grc'><strong><em>’</em></strong></span> <span class='ocrx_word' id='word_1_34' title='bbox 344 1185 550 1263; x_wconf 80' lang='lat' dir='ltr'>Conspicuam</span> <span class='ocrx_word' id='word_1_35' title='bbox 570 1184 714 1256; x_wconf 80' lang='lat' dir='ltr'>fundens,</span> <span class='ocrx_word' id='word_1_36' title='bbox 736 1184 856 1242; x_wconf 87' lang='lat' dir='ltr'>Pharos</span> <span class='ocrx_word' id='word_1_37' title='bbox 877 1191 911 1241; x_wconf 93' lang='lat' dir='ltr'>ut</span> <span class='ocrx_word' id='word_1_38' title='bbox 932 1182 1079 1257; x_wconf 81' lang='lat' dir='ltr'>Nilotica,</span> <span class='ocrx_word' id='word_1_39' title='bbox 1101 1186 1213 1244; x_wconf 89' lang='lat' dir='ltr'>lumen.</span> 
     </span>
     <span class='ocr_line' id='line_1_8' title="bbox 342 1268 1258 1347; baseline -0.002 -17"><span class='ocrx_word' id='word_1_40' title='bbox 342 1271 411 1330; x_wconf 89' lang='lat' dir='ltr'>Nec</span> <span class='ocrx_word' id='word_1_41' title='bbox 424 1271 599 1341; x_wconf 77' lang='lat' dir='ltr'>Puteanus,</span> <span class='ocrx_word' id='word_1_42' title='bbox 627 1288 715 1346; x_wconf 90' lang='lat' dir='ltr'>opem</span> <span class='ocrx_word' id='word_1_43' title='bbox 737 1287 827 1344; x_wconf 91' lang='lat' dir='ltr'>quum</span> <span class='ocrx_word' id='word_1_44' title='bbox 849 1268 937 1343; x_wconf 89' lang='lat' dir='ltr'>lapsa</span> <span class='ocrx_word' id='word_1_45' title='bbox 958 1270 1082 1346; x_wconf 85' lang='lat' dir='ltr'>negotia</span> <span class='ocrx_word' id='word_1_46' title='bbox 1099 1277 1258 1347; x_wconf 88' lang='lat' dir='ltr'>quaerent,</span> 
     </span>
     <span class='ocr_line' id='line_1_9' title="bbox 343 1353 1083 1434; baseline -0.004 -19"><span class='ocrx_word' id='word_1_47' title='bbox 343 1357 503 1434; x_wconf 81' lang='lat' dir='ltr'>Ignoratus</span> <span class='ocrx_word' id='word_1_48' title='bbox 526 1354 597 1424; x_wconf 83' lang='lat' dir='ltr'>erit3</span> <span class='ocrx_word' id='word_1_49' title='bbox 623 1354 722 1412; x_wconf 78' lang='lat' dir='ltr'>dubiis</span> <span class='ocrx_word' id='word_1_50' title='bbox 746 1372 816 1411; x_wconf 91' lang='lat' dir='ltr'>nam</span> <span class='ocrx_word' id='word_1_51' title='bbox 836 1353 973 1429; x_wconf 89' lang='lat' dir='ltr'>protinus</span> <span class='ocrx_word' id='word_1_52' title='bbox 998 1353 1083 1412; x_wconf 94' lang='lat' dir='ltr'>illum</span> 
     </span>
    </p>

    <p class='ocr_par' dir='ltr' id='par_1_8' title="bbox 343 1438 1159 1683">
     <span class='ocr_line' id='line_1_10' title="bbox 344 1438 1104 1516; baseline -0.003 -15"><span class='ocrx_word' id='word_1_53' title='bbox 344 1441 449 1501; x_wconf 87' lang='lat' dir='ltr'>Rebus</span> <span class='ocrx_word' id='word_1_54' title='bbox 470 1439 641 1514; x_wconf 82' lang='lat' dir='ltr'>Aquitanae</span> <span class='ocrx_word' id='word_1_55' title='bbox 660 1438 759 1516; x_wconf 83' lang='lat' dir='ltr'>gentis</span> <span class='ocrx_word' id='word_1_56' title='bbox 784 1438 823 1494; x_wconf 90' lang='lat' dir='ltr'>ad</span> <span class='ocrx_word' id='word_1_57' title='bbox 843 1438 908 1495; x_wconf 89' lang='lat' dir='ltr'>iura</span> <span class='ocrx_word' id='word_1_58' title='bbox 930 1449 1104 1515; x_wconf 84' lang='lat' dir='ltr'>reposcent:</span> 
     </span>
     <span class='ocr_line' id='line_1_11' title="bbox 344 1519 1159 1600; baseline 0.001 -16"><span class='ocrx_word' id='word_1_59' title='bbox 344 1524 535 1600; x_wconf 80' lang='lat' dir='ltr'>Quumlecti</span> <span class='ocrx_word' id='word_1_60' title='bbox 556 1523 702 1582; x_wconf 87' lang='lat' dir='ltr'>Proceres</span> <span class='ocrx_word' id='word_1_61' title='bbox 728 1522 849 1599; x_wconf 87' lang='lat' dir='ltr'>angusti</span> <span class='ocrx_word' id='word_1_62' title='bbox 869 1519 1006 1580; x_wconf 83' lang='lat' dir='ltr'>membra</span> <span class='ocrx_word' id='word_1_63' title='bbox 1027 1523 1159 1585; x_wconf 85' lang='lat' dir='ltr'>Senatus</span> 
     </span>
     <span class='ocr_line' id='line_1_12' title="bbox 343 1607 1007 1683; baseline -0.006 -13"><span class='ocrx_word' id='word_1_64' title='bbox 343 1611 445 1670; x_wconf 86' lang='lat' dir='ltr'>Exciti</span> <span class='ocrx_word' id='word_1_65' title='bbox 463 1609 596 1667; x_wconf 79' lang='lat' dir='ltr'>lacrimis</span> <span class='ocrx_word' id='word_1_66' title='bbox 615 1609 855 1683; x_wconf 83' lang='lat' dir='ltr'>afflictorumqne</span> <span class='ocrx_word' id='word_1_67' title='bbox 876 1607 1007 1682; x_wconf 85' lang='lat' dir='ltr'>querelis</span> 
     </span>
    </p>

    <p class='ocr_par' dir='ltr' id='par_1_9' title="bbox 343 1691 1117 1856">
     <span class='ocr_line' id='line_1_13' title="bbox 343 1691 1117 1772; baseline -0.003 -17"><span class='ocrx_word' id='word_1_68' title='bbox 343 1697 522 1772; x_wconf 90' lang='lat' dir='ltr'>Incorrupta</span> <span class='ocrx_word' id='word_1_69' title='bbox 541 1694 654 1751; x_wconf 87' lang='lat' dir='ltr'>dabunt</span> <span class='ocrx_word' id='word_1_70' title='bbox 675 1711 825 1770; x_wconf 87' lang='lat' dir='ltr'>oppresso</span> <span class='ocrx_word' id='word_1_71' title='bbox 847 1693 913 1749; x_wconf 89' lang='lat' dir='ltr'>iura</span> <span class='ocrx_word' id='word_1_72' title='bbox 934 1691 1117 1768; x_wconf 87' lang='lat' dir='ltr'>Garumnae,</span> 
     </span>
     <span class='ocr_line' id='line_1_14' title="bbox 344 1777 1002 1856; baseline -0.008 -16"><span class='ocrx_word' id='word_1_73' title='bbox 344 1781 449 1845; x_wconf 90' lang='lat' dir='ltr'>Mollia</span> <span class='ocrx_word' id='word_1_74' title='bbox 469 1786 661 1856; x_wconf 78' lang='lat' dir='ltr'>praestantes</span> <span class='ocrx_word' id='word_1_75' title='bbox 682 1780 798 1837; x_wconf 89' lang='lat' dir='ltr'>securis</span> <span class='ocrx_word' id='word_1_76' title='bbox 820 1777 882 1835; x_wconf 89' lang='lat' dir='ltr'>otia</span> <span class='ocrx_word' id='word_1_77' title='bbox 903 1777 1002 1836; x_wconf 87' lang='lat' dir='ltr'>terris.</span> 
     </span>
    </p>

    <p class='ocr_par' dir='ltr' id='par_1_10' title="bbox 343 1862 1040 1940">
     <span class='ocr_line' id='line_1_15' title="bbox 343 1862 1040 1940; baseline -0.006 -15"><span class='ocrx_word' id='word_1_78' title='bbox 343 1869 403 1925; x_wconf 83' lang='lat' dir='ltr'>Ast</span> <span class='ocrx_word' id='word_1_79' title='bbox 424 1866 481 1924; x_wconf 92' lang='lat' dir='ltr'>hos</span> <span class='ocrx_word' id='word_1_80' title='bbox 501 1863 620 1940; x_wconf 89' lang='lat' dir='ltr'>pacatis</span> <span class='ocrx_word' id='word_1_81' title='bbox 641 1871 814 1940; x_wconf 85' lang='lat' dir='ltr'>repetentes</span> <span class='ocrx_word' id='word_1_82' title='bbox 829 1863 930 1939; x_wconf 91' lang='lat' dir='ltr'>patria</span> <span class='ocrx_word' id='word_1_83' title='bbox 949 1862 1040 1921; x_wconf 87' lang='lat' dir='ltr'>rebus</span> 
     </span>
    </p>

    <p class='ocr_par' dir='ltr' id='par_1_11' title="bbox 344 1947 996 2026">
     <span class='ocr_line' id='line_1_16' title="bbox 344 1947 996 2026; baseline -0.012 -15"><span class='ocrx_word' id='word_1_84' title='bbox 344 1951 469 2010; x_wconf 87' lang='lat' dir='ltr'>Moenia</span> <span class='ocrx_word' id='word_1_85' title='bbox 489 1949 593 2008; x_wconf 88' lang='lat' dir='ltr'>feralis</span> <span class='ocrx_word' id='word_1_86' title='bbox 616 1955 782 2026; x_wconf 87' lang='lat' dir='ltr'>tempestas</span> <span class='ocrx_word' id='word_1_87' title='bbox 798 1947 901 2026; x_wconf 78' lang='lat' dir='ltr'>¹civica</span> <span class='ocrx_word' id='word_1_88' title='bbox 922 1947 996 2006; x_wconf 92' lang='lat' dir='ltr'>belli</span> 
     </span>
    </p>

    <p class='ocr_par' dir='ltr' id='par_1_12' title="bbox 343 2031 1042 2114">
     <span class='ocr_line' id='line_1_17' title="bbox 343 2031 1042 2114; baseline -0.007 -19"><span class='ocrx_word' id='word_1_89' title='bbox 343 2035 496 2114; x_wconf 83' lang='lat' dir='ltr'>Excipiet.</span> <span class='ocrx_word' id='word_1_90' title='bbox 520 2033 650 2107; x_wconf 76' lang='lat' dir='ltr'>Quantis</span> <span class='ocrx_word' id='word_1_91' title='bbox 672 2034 801 2093; x_wconf 89' lang='lat' dir='ltr'>iactatos</span> <span class='ocrx_word' id='word_1_92' title='bbox 822 2033 876 2090; x_wconf 88' lang='lat' dir='ltr'>illa</span> <span class='ocrx_word' id='word_1_93' title='bbox 898 2031 1042 2110; x_wconf 90' lang='lat' dir='ltr'>procellis</span> 
     </span>
    </p>

    <p class='ocr_par' dir='ltr' id='par_1_13' title="bbox 343 2117 1235 2531">
     <span class='ocr_line' id='line_1_18' title="bbox 343 2117 1106 2189; baseline -0.008 -9"><span class='ocrx_word' id='word_1_94' title='bbox 343 2123 462 2180; x_wconf 88' lang='lat' dir='ltr'>Heroas</span> <span class='ocrx_word' id='word_1_95' title='bbox 486 2138 621 2180; x_wconf 91' lang='lat' dir='ltr'>summos</span> <span class='ocrx_word' id='word_1_96' title='bbox 644 2120 728 2177; x_wconf 88' lang='lat' dir='ltr'>varia</span> <span class='ocrx_word' id='word_1_97' title='bbox 748 2120 782 2178; x_wconf 91' lang='lat' dir='ltr'>in</span> <span class='ocrx_word' id='word_1_98' title='bbox 804 2117 979 2178; x_wconf 83' lang='lat' dir='ltr'>discrimina</span> <span class='ocrx_word' id='word_1_99' title='bbox 1000 2117 1106 2189; x_wconf 88' lang='lat' dir='ltr'>mittet,</span> 
     </span>
     <span class='ocr_line' id='line_1_19' title="bbox 345 2201 1202 2280; baseline -0.005 -15"><span class='ocrx_word' id='word_1_100' title='bbox 345 2205 481 2280; x_wconf 83' lang='lat' dir='ltr'>Quorum</span> <span class='ocrx_word' id='word_1_101' title='bbox 500 2223 571 2280; x_wconf 91' lang='lat' dir='ltr'>pars</span> <span class='ocrx_word' id='word_1_102' title='bbox 592 2204 747 2263; x_wconf 91' lang='lat' dir='ltr'>Puteanus</span> <span class='ocrx_word' id='word_1_103' title='bbox 769 2203 847 2262; x_wconf 78' lang='lat' dir='ltr'>erit?</span> <span class='ocrx_word' id='word_1_104' title='bbox 869 2201 947 2274; x_wconf 79' lang='lat' dir='ltr'>Quid</span> <span class='ocrx_word' id='word_1_105' title='bbox 970 2211 1089 2260; x_wconf 87' lang='lat' dir='ltr'>caetera</span> <span class='ocrx_word' id='word_1_106' title='bbox 1108 2221 1202 2278; x_wconf 88' lang='lat' dir='ltr'>porro</span> 
     </span>
     <span class='ocr_line' id='line_1_20' title="bbox 344 2287 1139 2365; baseline -0.006 -16"><span class='ocrx_word' id='word_1_107' title='bbox 344 2291 536 2365; x_wconf 83' lang='lat' dir='ltr'>Persequar?</span> <span class='ocrx_word' id='word_1_108' title='bbox 556 2296 608 2346; x_wconf 90' lang='lat' dir='ltr'>aut</span> <span class='ocrx_word' id='word_1_109' title='bbox 621 2290 723 2365; x_wconf 89' lang='lat' dir='ltr'>potius</span> <span class='ocrx_word' id='word_1_110' title='bbox 744 2307 796 2346; x_wconf 87' lang='lat' dir='ltr'>cur</span> <span class='ocrx_word' id='word_1_111' title='bbox 817 2289 895 2346; x_wconf 83' lang='lat' dir='ltr'>sacto</span> <span class='ocrx_word' id='word_1_112' title='bbox 917 2288 976 2345; x_wconf 91' lang='lat' dir='ltr'>fine</span> <span class='ocrx_word' id='word_1_113' title='bbox 999 2287 1139 2361; x_wconf 79' lang='lat' dir='ltr'>quiesco?</span> 
     </span>
     <span class='ocr_line' id='line_1_21' title="bbox 345 2372 1235 2449; baseline -0.003 -16"><span class='ocrx_word' id='word_1_114' title='bbox 345 2376 439 2434; x_wconf 91' lang='lat' dir='ltr'>Plura</span> <span class='ocrx_word' id='word_1_115' title='bbox 458 2373 558 2433; x_wconf 92' lang='lat' dir='ltr'>Deam</span> <span class='ocrx_word' id='word_1_116' title='bbox 577 2392 747 2434; x_wconf 89' lang='lat' dir='ltr'>memorare</span> <span class='ocrx_word' id='word_1_117' title='bbox 768 2373 893 2449; x_wconf 88' lang='lat' dir='ltr'>(etenim</span> <span class='ocrx_word' id='word_1_118' title='bbox 917 2392 1084 2430; x_wconf 89' lang='lat' dir='ltr'>memorare</span> <span class='ocrx_word' id='word_1_119' title='bbox 1105 2372 1235 2449; x_wconf 86' lang='lat' dir='ltr'>libebat)</span> 
     </span>
     <span class='ocr_line' id='line_1_22' title="bbox 344 2458 1110 2531; baseline -0.007 -12"><span class='ocrx_word' id='word_1_120' title='bbox 344 2461 385 2519; x_wconf 82' lang='lat' dir='ltr'>Et</span> <span class='ocrx_word' id='word_1_121' title='bbox 405 2459 504 2531; x_wconf 88' lang='lat' dir='ltr'>dolor,</span> <span class='ocrx_word' id='word_1_122' title='bbox 527 2468 557 2517; x_wconf 92' lang='lat' dir='ltr'>et</span> <span class='ocrx_word' id='word_1_123' title='bbox 578 2459 663 2516; x_wconf 89' lang='lat' dir='ltr'>taciti</span> <span class='ocrx_word' id='word_1_124' title='bbox 679 2459 774 2516; x_wconf 86' lang='lat' dir='ltr'>vetuit</span> <span class='ocrx_word' id='word_1_125' title='bbox 794 2477 880 2516; x_wconf 90' lang='lat' dir='ltr'>mens</span> <span class='ocrx_word' id='word_1_126' title='bbox 904 2459 1024 2516; x_wconf 90' lang='lat' dir='ltr'>conscia</span> <span class='ocrx_word' id='word_1_127' title='bbox 1046 2458 1110 2514; x_wconf 88' lang='lat' dir='ltr'>fati.</span> 
     </span>
    </p>

    <p class='ocr_par' dir='ltr' id='par_1_14' title="bbox 339 2542 1256 2704">
     <span class='ocr_line' id='line_1_23' title="bbox 344 2542 1256 2620; baseline -0.004 -16"><span class='ocrx_word' id='word_1_128' title='bbox 344 2548 395 2604; x_wconf 87' lang='lat' dir='ltr'>Me</span> <span class='ocrx_word' id='word_1_129' title='bbox 402 2564 531 2620; x_wconf 89' lang='lat' dir='ltr'>quoque,</span> <span class='ocrx_word' id='word_1_130' title='bbox 540 2563 630 2618; x_wconf 90' lang='lat' dir='ltr'>quam</span> <span class='ocrx_word' id='word_1_131' title='bbox 637 2544 776 2601; x_wconf 91' lang='lat' dir='ltr'>meritum</span> <span class='ocrx_word' id='word_1_132' title='bbox 784 2542 1119 2620; x_wconf 87' lang='lat' dir='ltr'>grande,etreverentia</span> <span class='ocrx_word' id='word_1_133' title='bbox 1126 2561 1256 2617; x_wconf 85' lang='lat' dir='ltr'>morum,</span> 
     </span>
     <span class='ocr_line' id='line_1_24' title="bbox 339 2627 1094 2704; baseline -0.007 -15"><span class='ocrx_word' id='word_1_134' title='bbox 339 2634 443 2704; x_wconf 79' lang='lat' dir='ltr'>¹Atque</span> <span class='ocrx_word' id='word_1_135' title='bbox 465 2629 523 2686; x_wconf 88' lang='lat' dir='ltr'>viri</span> <span class='ocrx_word' id='word_1_136' title='bbox 543 2629 638 2686; x_wconf 86' lang='lat' dir='ltr'>virtus</span> <span class='ocrx_word' id='word_1_137' title='bbox 659 2629 716 2685; x_wconf 90' lang='lat' dir='ltr'>hnc</span> <span class='ocrx_word' id='word_1_138' title='bbox 736 2627 906 2703; x_wconf 86' lang='lat' dir='ltr'>perduxere</span> <span class='ocrx_word' id='word_1_139' title='bbox 926 2636 1094 2698; x_wconf 77' lang='lat' dir='ltr'>canentem,</span> 
     </span>
    </p>

    <p class='ocr_par' dir='ltr' id='par_1_15' title="bbox 345 2711 1227 3133">
     <span class='ocr_line' id='line_1_25' title="bbox 345 2711 1227 2789; baseline -0.003 -16"><span class='ocrx_word' id='word_1_140' title='bbox 345 2715 408 2774; x_wconf 92' lang='lat' dir='ltr'>Hei</span> <span class='ocrx_word' id='word_1_141' title='bbox 429 2713 514 2786; x_wconf 91' lang='lat' dir='ltr'>mihi,</span> <span class='ocrx_word' id='word_1_142' title='bbox 535 2731 625 2787; x_wconf 90' lang='lat' dir='ltr'>quum</span> <span class='ocrx_word' id='word_1_143' title='bbox 647 2713 783 2776; x_wconf 87' lang='lat' dir='ltr'>morbum</span> <span class='ocrx_word' id='word_1_144' title='bbox 807 2730 1007 2788; x_wconf 89' lang='lat' dir='ltr'>supremaque</span> <span class='ocrx_word' id='word_1_145' title='bbox 1029 2712 1130 2789; x_wconf 87' lang='lat' dir='ltr'>cogito</span> <span class='ocrx_word' id='word_1_146' title='bbox 1152 2711 1227 2784; x_wconf 89' lang='lat' dir='ltr'>fata,</span> 
     </span>
     <span class='ocr_line' id='line_1_26' title="bbox 345 2795 1111 2872; baseline -0.008 -12"><span class='ocrx_word' id='word_1_147' title='bbox 345 2800 408 2860; x_wconf 88' lang='lat' dir='ltr'>Hei</span> <span class='ocrx_word' id='word_1_148' title='bbox 429 2798 519 2868; x_wconf 85' lang='lat' dir='ltr'>mihi3</span> <span class='ocrx_word' id='word_1_149' title='bbox 540 2797 681 2855; x_wconf 89' lang='lat' dir='ltr'>deficiunt</span> <span class='ocrx_word' id='word_1_150' title='bbox 700 2797 790 2856; x_wconf 88' lang='lat' dir='ltr'>vires.</span> <span class='ocrx_word' id='word_1_151' title='bbox 817 2795 884 2854; x_wconf 90' lang='lat' dir='ltr'>Nec</span> <span class='ocrx_word' id='word_1_152' title='bbox 904 2797 993 2872; x_wconf 90' lang='lat' dir='ltr'>plura</span> <span class='ocrx_word' id='word_1_153' title='bbox 1012 2798 1111 2856; x_wconf 88' lang='lat' dir='ltr'>locuta</span> 
     </span>
     <span class='ocr_line' id='line_1_27' title="bbox 345 2874 1197 2959; baseline -0.004 -15"><span class='ocrx_word' id='word_1_154' title='bbox 345 2885 550 2959; x_wconf 91' lang='lat' dir='ltr'>Melpomene,</span> <span class='ocrx_word' id='word_1_155' title='bbox 570 2882 763 2957; x_wconf 85' lang='lat' dir='ltr'>lacrimisque</span> <span class='ocrx_word' id='word_1_156' title='bbox 784 2900 878 2958; x_wconf 84' lang='lat' dir='ltr'>genas</span> <span class='ocrx_word' id='word_1_157' title='bbox 903 2882 1026 2958; x_wconf 90' lang='lat' dir='ltr'>oppleta</span> <span class='ocrx_word' id='word_1_158' title='bbox 1046 2874 1197 2941; x_wconf 86' lang='lat' dir='ltr'>tumentes</span> 
     </span>
     <span class='ocr_line' id='line_1_28' title="bbox 345 2965 1043 3041; baseline -0.009 -11"><span class='ocrx_word' id='word_1_159' title='bbox 345 2970 467 3041; x_wconf 83' lang='lat' dir='ltr'>Haesit,</span> <span class='ocrx_word' id='word_1_160' title='bbox 495 2976 525 3025; x_wconf 87' lang='lat' dir='ltr'>et</span> <span class='ocrx_word' id='word_1_161' title='bbox 547 2967 636 3025; x_wconf 86' lang='lat' dir='ltr'>effusi</span> <span class='ocrx_word' id='word_1_162' title='bbox 658 2967 807 3024; x_wconf 86' lang='lat' dir='ltr'>contraxit</span> <span class='ocrx_word' id='word_1_163' title='bbox 828 2965 897 3023; x_wconf 87' lang='lat' dir='ltr'>vela</span> <span class='ocrx_word' id='word_1_164' title='bbox 917 2967 1043 3026; x_wconf 90' lang='lat' dir='ltr'>doloris.</span> 
     </span>
     <span class='ocr_line' id='line_1_29' title="bbox 347 3052 1121 3133; baseline -0.012 -17"><span class='ocrx_word' id='word_1_165' title='bbox 347 3056 535 3133; x_wconf 82' lang='lat' dir='ltr'>Cupressum</span> <span class='ocrx_word' id='word_1_166' title='bbox 556 3052 654 3110; x_wconf 90' lang='lat' dir='ltr'>crines</span> <span class='ocrx_word' id='word_1_167' title='bbox 677 3052 785 3109; x_wconf 89' lang='lat' dir='ltr'>iterum</span> <span class='ocrx_word' id='word_1_168' title='bbox 807 3070 864 3127; x_wconf 91' lang='lat' dir='ltr'>pro</span> <span class='ocrx_word' id='word_1_169' title='bbox 886 3052 1001 3128; x_wconf 87' lang='lat' dir='ltr'>virgine</span> <span class='ocrx_word' id='word_1_170' title='bbox 1024 3052 1121 3123; x_wconf 85' lang='lat' dir='ltr'>lauru,</span> 
     </span>
    </p>

    <p class='ocr_par' dir='ltr' id='par_1_16' title="bbox 345 3136 1096 3201">
     <span class='ocr_line' id='line_1_30' title="bbox 345 3136 1096 3201; baseline -0.009 0"><span class='ocrx_word' id='word_1_171' title='bbox 345 3143 406 3201; x_wconf 89' lang='lat' dir='ltr'>Pro</span> <span class='ocrx_word' id='word_1_172' title='bbox 426 3139 515 3197; x_wconf 91' lang='lat' dir='ltr'>laetis</span> <span class='ocrx_word' id='word_1_173' title='bbox 534 3137 651 3194; x_wconf 88' lang='lat' dir='ltr'>humeri</span> <span class='ocrx_word' id='word_1_174' title='bbox 671 3136 823 3194; x_wconf 89' lang='lat' dir='ltr'>velamina</span> <span class='ocrx_word' id='word_1_175' title='bbox 842 3136 942 3195; x_wconf 87' lang='lat' dir='ltr'>tristia</span> <span class='ocrx_word' id='word_1_176' title='bbox 966 3143 1096 3196; x_wconf 85' lang='lat' dir='ltr'>sumunt.</span> 
     </span>
    </p>

    <p class='ocr_par' dir='ltr' id='par_1_17' title="bbox 346 3220 1213 3728">
     <span class='ocr_line' id='line_1_31' title="bbox 390 3220 1189 3299; baseline -0.006 -17"><span class='ocrx_word' id='word_1_177' title='bbox 390 3225 456 3299; x_wconf 81' lang='lat' dir='ltr'>Quo</span> <span class='ocrx_word' id='word_1_178' title='bbox 474 3242 534 3296; x_wconf 90' lang='lat' dir='ltr'>me,</span> <span class='ocrx_word' id='word_1_179' title='bbox 554 3222 645 3294; x_wconf 87' lang='lat' dir='ltr'>Diva,</span> <span class='ocrx_word' id='word_1_180' title='bbox 668 3223 752 3299; x_wconf 81' lang='lat' dir='ltr'>gravi</span> <span class='ocrx_word' id='word_1_181' title='bbox 774 3220 948 3297; x_wconf 88' lang='lat' dir='ltr'>perfossum</span> <span class='ocrx_word' id='word_1_182' title='bbox 969 3231 1094 3298; x_wconf 88' lang='lat' dir='ltr'>pectora</span> <span class='ocrx_word' id='word_1_183' title='bbox 1112 3229 1189 3278; x_wconf 80' lang='lat' dir='ltr'>&#39;cura</span> 
     </span>
     <span class='ocr_line' id='line_1_32' title="bbox 347 3307 1155 3383; baseline -0.01 -14"><span class='ocrx_word' id='word_1_184' title='bbox 347 3308 724 3383; x_wconf 89' lang='lat' dir='ltr'>Deseris,.infandamque</span> <span class='ocrx_word' id='word_1_185' title='bbox 747 3307 834 3364; x_wconf 88' lang='lat' dir='ltr'>iubes</span> <span class='ocrx_word' id='word_1_186' title='bbox 856 3326 1003 3366; x_wconf 85' lang='lat' dir='ltr'>renovare</span> <span class='ocrx_word' id='word_1_187' title='bbox 1025 3307 1155 3378; x_wconf 89' lang='lat' dir='ltr'>ruinam,</span> 
     </span>
     <span class='ocr_line' id='line_1_33' title="bbox 348 3389 1213 3472; baseline -0.008 -18"><span class='ocrx_word' id='word_1_188' title='bbox 348 3394 406 3465; x_wconf 82' lang='lat' dir='ltr'>Cui</span> <span class='ocrx_word' id='word_1_189' title='bbox 427 3413 484 3472; x_wconf 90' lang='lat' dir='ltr'>par</span> <span class='ocrx_word' id='word_1_190' title='bbox 504 3413 567 3453; x_wconf 89' lang='lat' dir='ltr'>non</span> <span class='ocrx_word' id='word_1_191' title='bbox 589 3393 704 3451; x_wconf 84' lang='lat' dir='ltr'>fueram</span> <span class='ocrx_word' id='word_1_192' title='bbox 724 3391 863 3449; x_wconf 74' lang='lat' dir='ltr'>flendae?</span> <span class='ocrx_word' id='word_1_193' title='bbox 886 3389 965 3464; x_wconf 83' lang='lat' dir='ltr'>Quid</span> <span class='ocrx_word' id='word_1_194' title='bbox 983 3392 1109 3451; x_wconf 88' lang='lat' dir='ltr'>fulmine</span> <span class='ocrx_word' id='word_1_195' title='bbox 1130 3397 1213 3448; x_wconf 90' lang='lat' dir='ltr'>tanto</span> 
     </span>
     <span class='ocr_line' id='line_1_34' title="bbox 346 3476 1087 3557; baseline -0.007 -19"><span class='ocrx_word' id='word_1_196' title='bbox 346 3479 481 3557; x_wconf 86' lang='lat' dir='ltr'>Dignum</span> <span class='ocrx_word' id='word_1_197' title='bbox 504 3478 683 3555; x_wconf 88' lang='lat' dir='ltr'>concipiam,</span> <span class='ocrx_word' id='word_1_198' title='bbox 707 3477 755 3535; x_wconf 89' lang='lat' dir='ltr'>cui</span> <span class='ocrx_word' id='word_1_199' title='bbox 778 3476 976 3553; x_wconf 85' lang='lat' dir='ltr'>singultantia</span> <span class='ocrx_word' id='word_1_200' title='bbox 994 3479 1087 3535; x_wconf 88' lang='lat' dir='ltr'>verba</span> 
     </span>
     <span class='ocr_line' id='line_1_35' title="bbox 348 3561 1121 3640; baseline -0.009 -16"><span class='ocrx_word' id='word_1_201' title='bbox 348 3565 409 3624; x_wconf 88' lang='lat' dir='ltr'>Vix</span> <span class='ocrx_word' id='word_1_202' title='bbox 426 3564 525 3621; x_wconf 85' lang='lat' dir='ltr'>medio</span> <span class='ocrx_word' id='word_1_203' title='bbox 543 3561 654 3640; x_wconf 86' lang='lat' dir='ltr'>gemitu</span> <span class='ocrx_word' id='word_1_204' title='bbox 676 3582 736 3620; x_wconf 87' lang='lat' dir='ltr'>vox</span> <span class='ocrx_word' id='word_1_205' title='bbox 759 3562 927 3638; x_wconf 90' lang='lat' dir='ltr'>intercepta</span> <span class='ocrx_word' id='word_1_206' title='bbox 949 3562 1121 3622; x_wconf 79' lang='lat' dir='ltr'>ministrat?</span> 
     </span>
     <span class='ocr_line' id='line_1_36' title="bbox 347 3647 1072 3728; baseline -0.006 -20"><span class='ocrx_word' id='word_1_207' title='bbox 347 3651 489 3728; x_wconf 84' lang='lat' dir='ltr'>Ignosce,</span> <span class='ocrx_word' id='word_1_208' title='bbox 513 3649 647 3706; x_wconf 26' lang='lat' dir='ltr'>ornostri</span> <span class='ocrx_word' id='word_1_209' title='bbox 668 3648 752 3706; x_wconf 88' lang='lat' dir='ltr'>sidus</span> <span class='ocrx_word' id='word_1_210' title='bbox 768 3647 964 3709; x_wconf 86' lang='lat' dir='ltr'>memorabile</span> <span class='ocrx_word' id='word_1_211' title='bbox 987 3647 1072 3718; x_wconf 90' lang='lat' dir='ltr'>secli,</span> 
     </span>
    </p>

    <p class='ocr_par' dir='ltr' id='par_1_18' title="bbox 349 3723 1172 3812">
     <span class='ocr_line' id='line_1_37' title="bbox 349 3723 1172 3812; baseline -0.007 -19"><span class='ocrx_word' id='word_1_212' title='bbox 349 3734 383 3797; x_wconf 88' lang='lat' dir='ltr'>Si</span> <span class='ocrx_word' id='word_1_213' title='bbox 399 3753 454 3812; x_wconf 92' lang='lat' dir='ltr'>pro</span> <span class='ocrx_word' id='word_1_214' title='bbox 473 3730 667 3803; x_wconf 89' lang='lat' dir='ltr'>carminibus,</span> <span class='ocrx_word' id='word_1_215' title='bbox 685 3739 858 3789; x_wconf 80' lang='lat' dir='ltr'>truncorum</span> <span class='ocrx_word' id='word_1_216' title='bbox 879 3723 1033 3790; x_wconf 77' lang='lat' dir='ltr'>murmura</span> <span class='ocrx_word' id='word_1_217' title='bbox 1053 3748 1172 3803; x_wconf 84' lang='lat' dir='ltr'>vocum,</span> 
     </span>
    </p>
   </div>
   <div class='ocr_carea' id='block_1_4' title="bbox 0 0 1541 4492">
    <p class='ocr_par' dir='ltr' id='par_1_19' title="bbox 0 0 1541 4492">
     <span class='ocr_line' id='line_1_38' title="bbox 0 0 1541 4492; baseline 0 0"><span class='ocrx_word' id='word_1_218' title='bbox 0 0 1541 4492; x_wconf 95' lang='lat' dir='ltr'> </span> 
     </span>
    </p>
   </div>
  </div>
 </body>
</html>
