3059 4492
699 470 761 528 3¹9

266 641 440 700 Defunctus
462 639 537 698 abiit
557 637 699 699 lacrumis
722 639 914 700 etluctibus.

266 727 398 785 Teucer.
444 722 525 796 Heu,
545 724 614 782 heu.

267 810 326 871 Oh.
369 809 482 869 Audita
503 807 614 866 Teucri
632 829 704 884 vox,
725 809 800 867 mihi
818 818 852 867 ut
874 809 992 869 videor:
1011 819 1089 870 tace.
1185 807 1237 864 975

265 897 367 956 Porro
384 894 508 970 quiritat
529 912 651 954 carmen
672 895 762 952 affine
786 895 856 952 huic
877 895 970 956 malo.

266 982 348 1040 Teu.
389 980 417 1040 Ο
438 980 532 1037 frater
551 978 641 1052 Aiax,
665 999 683 1038 o
704 980 779 1037 mihi
800 998 902 1038 carum
925 989 1022 1056 capnt.

170 1065 171 1106 l
266 1067 357 1125 Itane
376 1064 445 1122 alea
466 1063 565 1122 omnis
586 1064 676 1136 iacta,
707 1073 738 1122 ut
758 1083 864 1124 omnes
883 1065 1058 1127 autumant?

267 1150 326 1212 ch.
372 1153 481 1210 Actum
496 1157 556 1208 est:
579 1150 625 1207 vir
637 1149 701 1221 ille,
713 1150 795 1224 quod
811 1150 901 1223 scias,
918 1150 1045 1222 Tenere,
1066 1151 1185 1210 occidit.

267 1237 347 1295 Teu.
371 1235 399 1295 Ο
421 1253 573 1310 asperam,
592 1253 772 1312 maremque
794 1235 944 1294 fortunam
965 1239 1078 1296 meam!
1202 1243 1255 1296 980

267 1320 326 1382 ch.
370 1320 413 1380 Ut
434 1328 504 1377 nata
520 1337 570 1376 res
591 1328 646 1379 est.
691 1318 767 1378 Teu.
792 1318 863 1377 Heu
874 1340 931 1397 ego
941 1321 1053 1381 *miseri
1075 1320 1185 1380 miser‘l

268 1405 326 1466 ch.
370 1405 468 1463 Plane
475 1405 716 1482 gemendumest.
726 1403 1185 1481 Ten.0gravissimummaluml

268 1491 325 1550 ch.
371 1489 759 1562 Hoc,Teucre‚verumest.
791 1489 946 1548 Ten.Heu
959 1493 1070 1551 miserl
1092 1492 1184 1566 quid?

267 1576 359 1634 Illius
377 1576 411 1634 in
434 1594 493 1650 quo
518 1574 645 1650 Troadis
670 1575 745 1634 situs
768 1573 838 1633 loco
863 1576 930 1634 est?
1090 1577 1203 1652 [filius

267 1661 325 1722 ch.
357 1660 457 1719 Ellum
472 1661 565 1720 intus.
606 1660 682 1718 Teu.
694 1659 784 1717 Illum
797 1677 889 1734 quam
900 1669 1004 1737 potest
1015 1662 1171 1720 celerrime
1184 1674 1235 1728 985

266 1746 339 1805 Huc
358 1745 441 1812 intus
466 1745 551 1816 educ,
573 1743 700 1820 nequis
722 1753 755 1803 ut
773 1745 906 1802 catulum
927 1747 1048 1817 unicum

268 1832 373 1893 Orbae
394 1831 518 1888 leaenae
540 1829 706 1888 malevolus
729 1849 837 1906 rapere
858 1841 992 1907 occupet.

267 1917 345 1977 Abi:
365 1934 454 1975 move
480 1924 523 1974 te:
551 1934 646 1973 curre.
670 1933 738 1972 nam
760 1915 931 1974 iacentibus

269 2003 388 2062 Omnes
412 2000 534 2059 student
553 2019 586 2058 se
606 2000 734 2058 mortuis
752 1999 891 2059 illudere.

268 2087 324 2146 Ch.
372 2084 552 2148 Sedadhuc
575 2092 605 2143 et
625 2084 705 2142 idem
727 2085 815 2144 vivus
836 2084 882 2142 illi
907 2085 1012 2144 sedulo
1183 2101 1235 2155 990

267 2172 384 2232 Curare
403 2171 460 2228 tibi
479 2170 643 2242 mandavit⁷
667 2177 700 2226 ut
719 2189 806 2228 curas
827 2168 959 2247 quidem.

267 2258 347 2316 Teu.
384 2256 410 2315 Ο
426 2255 556 2314 omnium
572 2274 714 2330 unquam,
721 2273 800 2328 quae
807 2255 927 2330 quidem
941 2255 1038 2314 oculis
1047 2256 1184 2330 viderim,

267 2341 482 2418 Spectaculum
503 2341 754 2400 horridissumum
777 2349 807 2398 et
824 2341 1056 2418 gravissumum.

269 2428 298 2487 0
319 2434 441 2504 praeter
462 2445 578 2499 omnes,
598 2443 674 2500 quas
697 2426 851 2501 profectus
871 2445 938 2486 sum
961 2427 1099 2497 antehac,

267 2512 412 2571 Laedens
433 2530 532 2570 meum
555 2531 605 2568 cor
627 2529 771 2568 maxume
792 2511 868 2568 haee
887 2511 1044 2586 profectio,
1183 2527 1234 2581 005

267 2598 434 2672 Postquam
452 2604 535 2668 tuae,
557 2595 647 2668 Aiax,
668 2596 776 2656 mortis
796 2605 893 2654 atrum
915 2597 1057 2654 nuncium
1173 2603 1176 2608 '

268 2681 374 2756 Sensi,
399 2683 562 2756 insequens
586 2689 703 2754 cuncta,
732 2689 822 2756 atque
842 2682 998 2758 vestigans
1022 2689 1098 2742 cate.

267 2767 351 2826 Nam
373 2767 449 2826 citus
471 2767 620 2826 Achivum
644 2775 744 2824 castra
762 2767 1003 2845 pervolgaverat

269 2853 316 2911 Te
336 2853 398 2910 iam
420 2853 542 2927 perisse
559 2871 672 2923 rumor,
692 2859 725 2910 ut
744 2851 815 2924 Dei,
837 2853 990 2927 frequens.

268 2939 358 3014 Quae
378 2956 443 2994 oum
465 2938 558 2996 miser
578 2936 761 3014 longinquus
785 2938 919 2995 audirem
939 2937 1053 3014 procul,
1185 2949 1252 3009 1000

266 3023 392 3084 Absens
416 3024 588 3099 gemebam:
611 3041 690 3082 nunc
711 3022 818 3080 videns
838 3041 932 3098 pereo
955 3022 1044 3080 male.

267 3111 318 3167 Me
337 3108 494 3166 miseruml
945 3125 949 3134 ·

267 3193 378 3252 Velum
400 3193 494 3263 aufer,
515 3204 602 3252 omne
622 3201 672 3264 ut‚.
688 3191 829 3267 quicquid
846 3200 904 3264 est,
923 3192 1042 3249 videam
1060 3190 1181 3249 m'alum.

268 3278 297 3339 Ο
323 3278 389 3335 dira
412 3279 529 3352 speeies
553 3285 724 3354 perpetrata
746 3277 899 3348 atrociter,

267 3362 352 3436 Quot
374 3363 464 3426 corde
490 3381 577 3422 ouras
601 3365 748 3423 obserens
766 3363 891 3422 moreris
912 3360 1008 3419 mihi?
1185 3381 1250 3434 1005

267 3447 354 3521 Quae
373 3467 454 3506 nunc
472 3448 560 3509 adibo
581 3448 696 3525 regna?
719 3465 797 3522 quos
818 3447 957 3506 homines
978 3448 1098 3521 petam?
1206 3458 1208 3463 ’

267 3532 326 3593 Cui
351 3532 415 3592 nen
436 3541 488 3592 tua
501 3535 541 3595 *in
563 3553 596 3591 rc
619 3552 753 3608 crepera,
779 3533 886 3605 amice,
907 3531 1053 3589 iuverim?

266 3619 417 3677 Telamon
439 3637 536 3692 meus,
557 3627 686 3694 tuusque
708 3618 873 3676 communis
894 3625 981 3692 pater

267 3705 384 3762 Laetus
408 3723 467 3777 me,
487 3712 518 3762 et
536 3702 625 3762 hilari
643 3704 743 3764 fronte
761 3702 900 3761 reducem
921 3701 1037 3763 scilicet
