3059 4492
719 500 872 595 ἐφ’

284 710 286 714 -
342 671 414 729 Tec.
437 667 507 728 Non
529 668 627 728 credis
640 670 760 728 autem?
793 669 843 729 Αἱ.
864 669 929 726 lem
944 667 1035 726 nimis
1046 667 1178 743 loqueris
1192 669 1258 727 din.

344 755 416 814 Tec.
438 753 518 813 Nam
539 754 631 812 timor
649 751 759 833 adegit.
791 755 840 813 Αἰ.
861 755 947 812 lntas
968 754 1047 810 hanc
1063 753 1220 812 includite.

345 840 416 898 Teo.
439 839 585 917 Reprime
599 846 640 912 te,
651 841 768 899 amabo.
789 840 839 899 Αἰ.
863 837 962 900 Stulta
980 850 1052 896 vero
1064 858 1098 898 es
1110 839 1259 911 foemina,

276 925 328 980 595
347 924 381 988 Si
401 942 480 983 nunc
502 943 625 997 movere
647 926 764 1002 cogitas
788 926 920 983 animum
939 943 1047 983 meum.

515 1063 518 1068 .
681 1009 811 1086 Strcpltc
833 1010 925 1068 VIII.

346 1093 401 1154 Ch.
445 1093 576 1154 Illustris
599 1091 742 1168 Salamis,
765 1097 855 1153 beata

312 1243 314 1254 ,
346 1179 394 1238 Tu
416 1195 494 1236 nunc
512 1177 671 1250 habitaris,
695 1189 725 1239 et
745 1179 821 1237 felix

347 1263 483 1337 Cunctis,
505 1261 692 1337 celebrisque
713 1266 841 1324 cunctis.

346 1350 413 1427 Ego
435 1355 545 1419 eutem,
569 1366 635 1424 ego.
657 1349 761 1420 imma·

348 1454 401 1493 ·ne
422 1441 540 1510 tempus
562 1432 648 1505 abiit,
668 1437 773 1495 miser·

347 1520 396 1580 Ex
418 1537 477 1593 quo
498 1518 551 1574 hic'
570 1517 671 1577 Idaeis

347 1605 385 1662 In
408 1603 543 1680 pascuis,
565 1601 656 1676 inque
678 1606 771 1664 ubere

348 1687 475 1748 Nutrice
498 1705 621 1764 gregum
644 1707 781 1764 perennc
801 1689 905 1760 herba,

349 1775 498 1834 Morarum
520 1771 693 1848 impatiens,

349 1859 460 1918 Malam
486 1875 570 1933 spem
592 1857 743 1919 refovens.

350 1943 386 2005 si
403 1942 524 2019 quidem
546 1941 612 2014 erit,
634 1953 668 2003 ut
686 1963 774 2021 agam
797 1944 846 2000 hic

348 2028 462 2088 Procul
487 2027 616 2085 animam

348 2115 527 2184 Inhonorus,
551 2129 673 2188 exspes.

647 2197 840 2272 Andetrcphc
864 2196 963 2253 XIII.

352 2283 434 2359 Quin
456 2289 486 2338 et
506 2279 654 2358 perditus,
675 2301 768 2360 aeger
788 2282 867 2340 Aiax

350 2369 394 2428 Mi
417 2386 488 2424 cura
510 2365 643 2425 secunda
662 2367 811 2440 inhaeret,
830 2366 931 2442 proh·

349 2453 464 2514 Divino
486 2450 616 2528 agitatus
640 2460 737 2525 aestu,

350 2538 509 2596 Profectus
530 2555 568 2594 ex
589 2543 621 2593 te

352 2622 500 2693 Antehac,
519 2621 603 2697 prius
626 2619 748 2698 inclytis

353 2705 555 2783 Praepollens
574 2706 681 2764 armis:

354 2790 446 2851 Nunc
470 2790 556 2848 avius
579 2791 688 2848 mentis
709 2808 783 2848 suae

356 2875 427 2939 Suis
450 2875 536 2935 dolor
558 2873 660 2933 extitit
680 2893 817 2950 magnus.

353 2961 464 3022 Priora
480 2959 643 3018 omnidomi

354 3047 420 3105 Viri
443 3053 532 3124 gesta
551 3063 642 3104 manu

354 3131 529 3192 Memoriter
550 3129 650 3188 animo

321 3264 325 3272 ,
354 3217 487 3294 Proluga
506 3214 595 3273 malis

356 3301 499 3362 Cecidere
517 3299 644 3359 Atridis.
894 3351 897 3354 ,

653 3385 682 3443 2.
704 3383 834 3459 Stropltc
853 3381 972 3440 XIIII.

358 3468 419 3532 Sed
441 3489 507 3528 cum
525 3470 684 3529 vetustatis

358 3555 470 3615 Obsita
487 3561 635 3631 tempore,

357 3638 451 3699 Oanis
473 3646 503 3696 et
522 3640 610 3698 annis

357 3723 574 3786 Auditis-anus
594 3741 705 3800 parens
730 3722 813 3780 hunc
