3059 4492
735 452 886 547 Q

396 621 582 691 Fcemineis,
606 619 726 694 inquis
750 628 798 679 est
821 621 978 679 diuturnus
1000 640 1092 680 emor.
1187 659 1191 664 ι

354 707 458 784 Turpe
481 725 554 782 puer
577 704 744 763 catamitus.
769 705 806 763 In
828 707 888 764 hnc
909 705 984 765 mihi
1006 706 1148 784 displicet
1170 708 1224 768 illa

396 792 595 851 Praematura
616 790 743 848 horrens
767 790 871 850 invida
891 792 971 867 pube
992 791 1079 850 cutis.

357 960 452 1037 [(85)
642 953 731 1016 Ψαῦε
758 954 977 1036 μελισταγέων.
1012 1009 1015 1019 ,

355 1044 472 1124 Tange,
496 1043 596 1115 calix,
616 1042 677 1100 mel
699 1042 777 1113 oris3
800 1043 905 1102 habes.
928 1043 1064 1120 Mulgere
1088 1043 1170 1118 licet,
1192 1066 1248 1106 nec

397 1130 517 1189 Invidia
539 1136 595 1187 est.
618 1127 742 1187 Utinam
763 1136 796 1185 tu
817 1129 897 1202 quod
919 1147 964 1201 es,
985 1129 1052 1204 ipse
1073 1129 1188 1190 foreml

357 1299 452 1376 ζ(86)
575 1291 696 1375 Ἱμερτὴ
721 1289 826 1374 Μαρίη
853 1294 1057 1374 μεγαλίζεται.

356 1385 384 1445 O
409 1381 568 1458 quamius
592 1399 687 1457 penes
713 1390 771 1453 est,
794 1389 825 1439 et
845 1401 916 1440 cura
937 1383 1098 1441 retundere
1115 1385 1225 1460 fastus,

398 1469 509 1528 Elatae
528 1466 643 1524 Mariae
665 1473 801 1541 pectora,
827 1467 906 1539 diva,
929 1486 1045 1542 preme:

356 1553 426 1612 Non
449 1559 482 1609 ut
502 1559 596 1609 morte
617 1551 681 1608 luat
702 1570 832 1626 poenas,
856 1553 910 1610 sed
931 1553 1042 1610 vertice
1065 1561 1129 1612 toto

401 1636 529 1708 Caneat,
551 1643 581 1692 et
601 1653 707 1709 corpus
733 1656 809 1713 ruga
833 1637 940 1696 senilis
962 1645 1036 1695 aret.

357 1723 478 1800 Exigite
503 1742 521 1779 n
547 1721 614 1778 cani
635 1719 827 1779 lacrimarum
849 1722 969 1780 nomine
990 1740 1123 1799 poenas:

397 1809 438 1866 Et
459 1806 589 1882 culpam·
601 1805 706 1880 culpae
730 1808 851 1866 conscia
871 1807 971 1866 forma
991 1807 1065 1866 luat.

358 1977 454 2054 ((87)
606 1969 764 2053 Δακρύεις,
787 1967 907 2033 ἐλέεινὰ
925 1965 1040 2040 λαλέῖς.
1364 2044 1365 2047 ¹

356 2063 450 2121 Flene
470 2059 618 2135 loqueris,
631 2059 783 2132 lacrimas,
795 2068 908 2118 temere
925 2061 1051 2137 aspicis,
1065 2061 1163 2125 ureris
1185 2069 1273 2122 aestu
1364 2072 1365 2075 ’

401 2146 565 2222 Zelotypn,
586 2152 738 2217 attrectas,
763 2145 870 2204 oscula
891 2145 997 2203 crebra
1019 2147 1106 2205 seris.

357 2232 444 2292 Istud
466 2249 567 2288 amare
589 2230 710 2304 quidem
733 2238 794 2288 est:
816 2230 858 2303 id,
880 2248 929 2288 me
949 2231 1078 2304 dicente,
1104 2239 1214 2307 parata

401 2316 486 2388 Sum,
507 2334 574 2373 cum
596 2315 784 2389 dissimulas,
808 2335 867 2373 non
884 2315 916 2374 id
935 2316 1066 2374 amantis
1088 2317 1195 2376 hahes.

362 2485 457 2562 [.(83)
553 2551 556 2556 Δ
653 2477 761 2558 Μῆλον
787 2481 847 2560 ἐγὼ
875 2483 991 2564 βάλλει.

357 2571 471 2630 Malum
497 2587 563 2645 ege,
584 2589 632 2627 me
653 2569 724 2626 iecit
742 2570 794 2644 qui
813 2579 844 2628 te
865 2571 954 2646 perit.
978 2589 1078 2628 annue
1099 2570 1217 2629 amanti

402 2654 590 2729 Xanthippe.
612 2662 751 2713 nostrum
773 2656 832 2720 flos
851 2655 1007 2731 utriusque
1030 2655 1120 2732 perit.

331 2901 334 2907 Ι
361 2822 457 2900 ζ(89)
642 2814 702 2878 Τὸν
727 2824 858 2901 σιγῶντα
881 2821 1014 2884 Φιλαινὶ.

359 2908 472 2968 Arcani
493 2915 592 2968 mutus
616 2907 703 2965 testis
724 2908 775 2966 fac
796 2909 897 2966 lumen
920 2909 999 2968 clivo

403 2991 450 3054 Sit
471 3003 565 3065 satur,
588 3000 618 3049 et
640 2993 738 3067 prodi,
759 2995 850 3052 chara
870 2995 1021 3063 Philaeni,
1043 2994 1138 3054 foras.

358 3078 440 3139 Nam
466 3097 536 3138 sese
554 3077 630 3136 vivis
653 3080 784 3154 spectari
805 3080 935 3138 testibus
955 3079 1020 3139 odit

402 3163 495 3225 Solus
518 3165 619 3223 Amor.
643 3163 691 3222 Tu
712 3184 785 3222 mcx
806 3165 896 3238 obde,
920 3163 1071 3236 Philaeni,
1094 3164 1205 3222 forem.

361 3334 456 3411 ((90)
641 3326 704 3396 Νὺξ
728 3330 806 3411 ἱερὴ,
826 3332 878 3393 καὶ
895 3329 998 3414 λύχνε.

358 3418 479 3497 Nempe
501 3419 590 3476 ambo
614 3417 730 3476 alterno
752 3418 918 3479 iuravimus
939 3418 1046 3477 ordine
1066 3425 1198 3495 pactam,

401 3503 506 3562 Testis
529 3503 590 3561 eris
608 3511 640 3560 tu
660 3502 741 3576 Nox,
763 3511 855 3579 tuque
877 3505 1025 3576 Lucerna,
1044 3504 1147 3561 fidem.

253 3606 255 3610 ·
284 3663 289 3671 .
359 3587 403 3648 Ut
419 3588 517 3646 neutri
536 3597 674 3646 neutrum
695 3588 743 3646 fes
765 3597 848 3648 esset
868 3589 985 3659 fallere,
1006 3589 1092 3646 vobis

404 3671 560 3744 'festibus
583 3679 708 3748 accepta
727 3680 786 3746 est,
808 3682 839 3732 et
858 3673 928 3732 dala
947 3673 1087 3747 utrinque
1106 3673 1194 3755 fides.
