3059 4492
776 479 839 540 235

392 640 518 708 Κελτῶν
537 644 572 706 τδ
593 647 685 726 κῦρος
708 644 773 709 ἀντὶ
794 651 849 708 τοῦ
870 643 983 729 κύρους
1004 643 1105 723 ξένου,

393 729 444 791 καὶ
464 734 524 790 τῶν
550 727 752 811 ἀνάνδρων
731 752 796 793 αντι
817 730 889 797 τοὺς
896 727 1072 836 εὐήνορας,

394 818 454 880 πᾶς
476 813 514 896 δὴ
538 814 684 916 φρυάζων
706 816 783 919 πρὸς
802 817 853 878 τὸν
876 812 1127 897 εὐτυχέστατον.

393 896 499 960 νόστον
523 898 641 980 γένυσι,
666 897 720 960 καί
739 923 774 961 σε
794 899 974 1004 προσσαίνει
994 903 1088 1006 χαρᾷ.

396 983 442 1045 σοὶ
463 985 522 1045 τῶν
543 983 656 1044 ἑαυτοῦ
677 981 771 1046 πόλλ’
796 983 984 1067 ἀφειδήσας
981 983 1084 1051 πολος

394 1067 512 1143 δίδωσι,
532 1067 630 1130 πλείω
657 1065 690 1128 5'
711 1068 765 1129 55
755 1067 928 1138 ιλάζεσθαι
947 1067 1038 1130 σέθεν

393 1151 535 1222 έδοξεν’
518 1152 674 1214 αντίποινα
695 1156 754 1215 τῶν
774 1154 978 1237 δωρημάτιον,

392 1259 431 1322 χρ
416 1241 524 1320 ρυσοῦ,
549 1234 644 1298 λίθων
665 1259 698 1298 τε
718 1238 771 1320 τὴν
796 1236 1014 1346 βαρύσταθμον
1025 1237 1147 1342 χλιδὴν

396 1321 588 1426 δωρούμενον
612 1321 659 1383 σοὶ
682 1321 791 1430 555553
811 1323 898 1385 αὐτοὶ
921 1321 975 1403 μὲν
998 1320 1094 1426 λόγῳ

396 1407 580 1512 55505055,5
566 1403 695 1516 55555'
721 1405 791 1469 555
815 1409 874 1469 ἀπε
877 1408 1020 1489 μπολῶσι
1042 1405 1101 1482 σοι’,

395 1491 476 1553 εἰ
444 1514 485 1573 μη
507 1491 574 1572 σύγ’
601 1489 702 1553 αὐτῶν
722 1490 946 1575 τοδμπόρευμα
966 1491 1065 1573 τίμιον

396 1573 768 1726 55555‘055555
778 1574 1072 1743 ΜλῖᾝγθῖαΜ

396 1745 485 1806 πάλιν
509 1745 620 1828 πρὸς
609 1748 687 1826 υμᾶς
705 1684 1004 1848 δδκῃέτθστρέψοέθι
1027 1746 1076 1828 55.

354 1827 555 1937 Σκηπτοῦχε
557 1830 644 1891 σοὶδ
648 1829 764 1932 ὲτάμά
787 1832 821 1892 δε
807 1830 931 1939 χθήτμν
953 1827 1042 1934 5555.

398 1912 555 1997 ἐμοὶ’τοτ’
583 1911 780 1976 ἔσταιτοῦτο
802 1914 954 1982 πάνδοξαν
979 1913 1079 1989 κλέος,

397 1998 519 2084 λεῷδὲ
541 1998 677 2082 δξιωυα
699 2022 743 2083 σω
742 1998 965 2128 κοινωφελέε

395 2085 415 2166 5
442 2083 774 2192 0555555515555
796 2083 900 2146 ἐσθ’
890 2089 989 2166 0555
973 2082 1063 2185 555

397 2165 479 2230 55
454 2167 647 2254 (μσέβεσθαι
664 2169 755 2230 παντί
774 2191 833 2230 που
856 2168 970 2250 πλήθει
991 2168 1077 2271 πέρα

395 2255 429 2315 τὸ
454 2255 506 2316 σὸν
531 2254 624 2316 καλὸν
649 2253 771 2336 μίμημα
792 2254 842 2315 καὶ
865 2253 958 2316 τύπον
977 2250 1110 2334 τρόπων.

395 2337 516 2421 ἤκουσα
539 2336 570 2400 δ’
595 2340 637 2405 ὥς
658 2360 700 2405 τις
722 2344 782 2400 τῶν
804 2338 863 2440 ἀφ’
886 2337 1015 2420 αἵματος
1037 2335 1126 2398 σέθεν

399 2427 592 2532 σκχπτοῦχος
612 2424 704 2528 ἥρφς
719 2421 771 2485 τόν
794 2447 810 2482 τ
818 2423 921 2506 ¹'¹555
941 2418 1141 2508 Βριταννυιδν

396 2529 447 2570 και
469 2506 523 2575 τὰς
545 2507 689 2590 ἀφορμὰς
713 2512 767 2570 τοῦ
791 2508 934 2590 δυσηνίου
958 2508 1021 2567 λεῶ

399 2593 526 2784 ρέέῖζτῖ
541 2593 702 2758 55⁰5
714 2591 980 2746 55‘050‘5523,
995 2591 1140 2758 555,

398 2759 475 2823 ἀκοο
481 2758 701 2843 ’ἐφετμάς,“
683 2784 719 2828 ας
743 2760 923 2823 ἐνέπνευσεν
949 2758 1034 2842 μένεν

397 2849 442 2950 τῷ
461 2843 590 2928 θηλυκῷ
615 2849 675 2926 μοῦ
698 2869 713 2906 τ
722 2843 890 2928 ἀνδρικὸν
914 2845 1004 2907 σέθεν
1032 2843 1133 2927 μένας,

399 2925 455 3011 505
481 2929 515 2990 δὲ
536 2935 596 3010 τῶν
622 2933 682 2991 σῶν
707 2930 864 3012 δυσμενῶν
889 2929 1064 3012 ὑπέρτερος

349 3011 529 3078 ’Έυτωὲν
475 3015 529 3094 μὲν
550 3013 581 3074 ἐν
603 3015 651 3076 σοὶ
672 3015 885 3098 χριστιανίζων
904 3016 1008 3081 καλῶς

399 3103 500 3184 ψυχῆς
519 3100 689 3182 χαρακτήρ.
713 3100 793 3162 ὥστε
814 3101 864 3160 τὸν
888 3098 960 3161 θεὸν
984 3096 1077 3182 σέβου

397 3185 620 3286 παλαιφάτοισι
642 3188 702 3246 τῶν
720 3182 838 3246 Ἀποστ
840 3182 921 3245 όλων
945 3181 979 3246 55
983 3204 1060 3265 μ,οις

398 3269 450 3332 και
470 3266 558 3330 τοῦδ’
585 3269 793 3350 ἀειγράπτοισι
807 3273 870 3334 τοῖς
891 3208 1020 3350 θεσμομῖς
1045 3266 1133 3330 ἕπου.

398 3354 449 3416 καὶ
468 3353 549 3438 τῳδε
534 3353 716 3436 εφαῖνέ’
687 3376 703 3414 0
742 3352 870 3414 ἀσπιλον
897 3352 1078 3498 κᾴκήζυατον

398 3437 497 3544 50555
514 3438 658 3506 ταπεινὰς
680 3437 744 3498 ἀντὶ
763 3437 901 3519 θύματος
924 3459 965 3521 φρ
985 3458 1039 3507 νας

397 3520 558 3606 πρόσισχε.
581 3524 632 3586 καὶ
652 3521 709 3604 ράρ
694 3523 748 3604 ρδ
773 3520 851 3590 Θεδς
871 3522 1093 3628 ὀἰακοστροφεῖ

401 3605 432 3666 ἐν
453 3610 492 3688 τῇ
515 3607 547 3686 γ’
576 3608 688 3669 ἑαυτοῦ
711 3607 792 3716 χειρὶ
816 3605 969 3707 βασιλέων
992 3605 1098 3690 κράτη.

401 3693 460 3750 τῶν
482 3692 668 3774 πραγμάτων
694 3690 718 3751 τ
745 3687 851 3772 έντιμα
872 3693 936 3758 τοῖς
957 3691 1034 3773 πρὸς
1056 3686 1186 3770 αἵματος
