3059 4492
690 481 751 541 387

262 651 352 711 Eudo
375 651 533 728 procinctu
556 651 709 710 cernentia
727 669 805 726 quas
826 652 946 727 agmina
967 651 1049 710 ferro

262 736 302 796 Ει
323 735 420 794 rixam
443 735 503 794 luis
525 734 677 796 alterutris
700 755 740 794 ex
762 731 894 812 partihu’
915 754 1045 813 pugnae,
1076 730 1081 744 '

166 823 167 842 ¹
262 822 298 880 In
322 820 405 879 hello
426 839 566 892 cernens,
587 829 621 879 ut
643 822 709 896 quis
731 821 911 898 palmarium
931 820 1070 896 adeptus,

262 905 339 980 Quis
364 913 396 964 tu
418 924 543 980 cumque
564 904 669 965 favens
692 913 830 981 praestas
852 905 1029 964 dulcissima
1049 908 1132 966 vota

263 991 378 1052 Omnia
396 1009 465 1050 nam
487 991 651 1064 moderare,
665 1000 702 1062 ¹et
723 991 846 1068 grandis
868 990 981 1049 adorea
999 991 1073 1049 belli

165 1093 166 1112 ¹
262 1076 344 1136 Tota
369 1095 408 1136 ex
430 1084 460 1134 te
483 1075 606 1152 pendet,
628 1076 716 1134 laetis
738 1076 935 1134 vitnlsntihus
952 1094 1077 1153 augens.

262 1160 364 1234 Quare
384 1163 442 1218 hue
465 1160 507 1220 sis
529 1161 644 1233 venias,
670 1162 804 1238 cupienti
825 1161 886 1218 Dia
904 1161 1049 1235 Deorum,

262 1243 392 1322 Semper
412 1245 571 1322 praeclaro
592 1247 721 1323 iungens
747 1246 833 1322 operi
853 1246 974 1323 agmina
994 1246 1127 1305 laudum.

502 1415 635 1490 Apollini
654 1415 795 1488 suffimen,
816 1433 933 1471 muno.
1135 1415 1177 1475 33

261 1501 381 1559 Februe
405 1508 435 1556 to
456 1499 579 1557 Iuturne
600 1519 720 1576 precor,
739 1499 900 1571 Tituicida,
918 1499 1068 1574 Luperca,

263 1585 291 1645 Ο
312 1584 491 1660 Memphite,
512 1584 652 1656 verende,
675 1585 822 1656 salutifer,
843 1584 923 1642 altor
943 1585 1106 1659 honorum,

263 1671 292 1731 0
315 1669 437 1742 fidicen,
461 1668 596 1728 Oonsive
615 1688 737 1744 parens,
759 1668 881 1741 Titane,
904 1667 1045 1746 Segeste,
1104 1718 1110 1729 ι

263 1753 435 1815 Soriculate
456 1763 551 1830 pater,
573 1754 728 1825 Vaticano,
752 1753 945 1827 excetrieide,

262 1840 397 1912 Lucifer,
417 1839 559 1916 agrestis,
580 1859 634 1896 rex
654 1839 796 1912 mustule,
815 1835 919 1897 nobili’
941 1839 1049 1914 pubes,

260 1924 403 1997 Praesul,
425 1923 663 1999 Casmoenisque
685 1923 844 2000 sagittifer,
868 1924 1113 2000 arcitenensque,

261 2010 376 2070 Bruma
399 2019 494 2084 pater,
517 2010 756 2083 collimetorque,
781 2008 905 2081 ohstite,
926 2007 1065 2085 gemelle,

261 2095 356 2156 Delie
377 2114 444 2167 rex,
466 2095 517 2170 qui
540 2095 688 2152 illustrem
711 2095 806 2152 eciem
826 2095 885 2151 hue
903 2093 1026 2169 partiris
1045 2100 1077 2149 et
1094 2092 1178 2165 illuc,

262 2181 435 2252 Auricome,
457 2179 574 2257 integra
595 2187 754 2256 praecepta
774 2186 863 2253 atque
882 2177 1004 2237 oracula
1023 2177 1139 2237 fatms:

262 2267 326 2324 Pro
348 2265 464 2342 populo
488 2273 624 2324 orantem
645 2283 694 2321 me
717 2259 835 2322 coelitu'
855 2264 921 2322 vise
940 2282 1117 2340 parumper:

262 2350 345 2409 Nam
367 2369 472 2409 susum
495 2349 608 2427 aspicis
630 2349 825 2407 immoderate
846 2350 922 2405 haee
942 2367 1072 2422 aequora
1090 2348 1179 2422 caeli,

263 2437 304 2496 Et
327 2454 436 2511 supera
457 2443 553 2494 terras
573 2443 604 2493 et
623 2442 743 2493 noctem
765 2435 868 2493 subter
890 2451 1027 2510 opacam,

263 2521 363 2580 Nocte
386 2520 506 2593 silente,
530 2522 587 2579 suh
610 2521 733 2578 umbrae
753 2519 998 2596 signitenentibu’
1018 2518 1158 2578 flammis.

264 2606 398 2664 Radices
423 2606 554 2664 statuisti
577 2606 670 2663 infra:
691 2605 806 2680 tibique
826 2605 938 2662 extima
957 2604 1062 2662 mundi

263 2693 306 2750 Et
326 2691 383 2748 tibi
404 2691 595 2768 principium,
616 2690 672 2748 tibi
693 2690 823 2748 solvitur
844 2689 943 2748 exitus
965 2690 1080 2748 omnis:

264 2775 472 2850 Omnivirens,
494 2777 604 2834 fidibus
627 2783 660 2832 tu
681 2775 799 2834 coelica
817 2775 931 2851 templa
952 2775 1072 2834 canoris

264 2861 498 2920 Permoderaris
520 2861 558 2918 ad
580 2861 659 2918 imae
681 2881 760 2918 nuno
783 2861 914 2919 confinia
934 2860 1028 2933 sedis,

264 2946 357 3005 Nunc
372 2946 410 3003 ad
422 2947 549 3022 primam
564 2946 683 3019 iterum,
695 2965 776 3004 nune
789 2946 828 3003 ad
845 2946 1049 3004 modulamina
1060 2944 1158 3003 Dorii.

266 3030 391 3091 Ocelum
415 3051 533 3090 omnem
555 3031 688 3102 variana,
711 3032 810 3090 varies
834 3030 996 3087 animantia
1020 3028 1114 3101 secla,

266 3115 439 3194 Temperiis
461 3117 616 3175 hominum
636 3116 805 3187 moderans,
827 3115 965 3189 aequalia
985 3115 1058 3186 fata,

266 3201 459 3260 Tantundem
481 3202 619 3261 miscens
634 3201 804 3276 hiemisque
827 3207 917 3276 atque
931 3199 1045 3258 aestuis
1058 3197 1179 3273 iisdem,

265 3287 456 3346 Discernere
478 3288 585 3364 primis
608 3286 747 3358 hiemem,
769 3285 962 3343 inferioribus
984 3291 1097 3357 saum,

266 3375 309 3432 At
334 3373 414 3431 veris
437 3373 514 3451 greti
537 3373 672 3449 speeiem
689 3370 889 3429 modulamine
909 3369 1008 3427 Darii.

267 3457 358 3519 Unde
381 3459 516 3516 hemines
535 3456 586 3515 ted
605 3456 765 3534 indigitant
784 3455 961 3533 cognomine
979 3472 1052 3512 vero

230 3573 232 3578 ·
266 3543 405 3604 Faunum
428 3543 626 3620 cornigerum,
653 3550 811 3602 ventorum
833 3541 923 3599 sibila
944 3538 1096 3596 hiantems

268 3627 359 3702 Quod
381 3629 483 3706 magni
504 3629 605 3687 omnis
625 3627 720 3686 habes
742 3625 900 3703 signacula
919 3623 1049 3682 daadda
1066 3621 1180 3682 mundi

267 3713 339 3774 Huc
361 3713 454 3774 adeas
478 3713 549 3772 here
568 3713 739 3771 flaminibus
761 3731 817 3788 pro
841 3709 978 3792 supplice
997 3715 1077 3768 voto.

912 3804 978 3866 25*
