3059 4492
564 571 567 576 .
646 488 800 584 ...¹4⁴5-

264 655 427 723 Κώνωπος
449 652 566 738 ἐλέφας
586 651 681 723 Ἰνδὸς
704 655 761 719 οδκ
783 654 964 737 ἀλεγίζεται.

163 807 164 824 γ
263 739 457 826 Κωρότερός
478 737 568 812 ἐστιν,
593 739 612 821 ἢ
634 735 815 825 Τορωναῖος
838 740 938 822 λιμήν.

163 825 164 882 ί
265 827 378 910 Λαβὼν
403 823 520 891 ἀπόδος
542 821 687 906 ἄνθρωπε
708 825 759 888 καὶ
784 825 868 908 λήψη
892 825 994 886 πάλιν.

163 931 164 936 ’
265 912 359 992 Λαγὼ
383 909 449 994 βίον
474 912 529 990 ζῇς
554 909 570 969 ό
590 908 658 990 πρὶν
681 909 816 993 ἄτρομος
830 906 928 971 ’λε’ων.

266 997 381 1061 Λαλεῖν
405 992 538 1076 ἀριστος,
562 991 797 1061 ἀδυνατώτατος
820 992 929 1075 λέγειν.

266 1078 373 1162 Λέγειν
400 1078 454 1159 μὲν
477 1076 616 1160 αἰσχρὸν,
639 1079 690 1140 καὶ
713 1081 870 1160 σιωπῆσαι
890 1077 978 1162 βαρύ.

265 1163 367 1246 Λεπτή
390 1183 433 1229 τις
452 1161 536 1228 ἐλπὶς
560 1159 623 1223 ἔστ’
649 1162 700 1244 ἐρ’
724 1163 762 1244 ἧς
783 1161 956 1246 ὀχούμεθα.

266 1247 385 1314 Λεοκδς
402 1245 590 1330 Ἀφροδίτης
612 1246 673 1329 είμλ
694 1248 751 1330 γὰρ
773 1246 960 1330 περιστερός.

266 1334 394 1398 Λευιτῶν
417 1329 475 1413 γάρ
499 1329 589 1392 οὐδὲν
612 1330 737 1414 ὄφελος,
758 1331 786 1393 εί
811 1333 852 1414 μὴ
877 1333 1084 1413 σκυτοτομεῖν.

266 1415 487 1499 Λεωτροφίδου
510 1415 678 1499 λεπτότερα
700 1417 751 1479 καί
774 1413 996 1497 Θαυμαντίδος.

267 1501 341 1566 Λίαν
367 1501 466 1583 φιλῶν
489 1501 616 1563 σεαυτὸν
644 1501 704 1586 οδχ
727 1501 805 1569 ἕξεις
824 1501 923 1582 φιλον.

266 1585 363 1660 Λίθος
383 1582 602 1666 κυλινδόμενός
621 1607 655 1668 γε
679 1589 776 1670 φῦκος
802 1584 838 1646 οὐ
863 1589 955 1647 ποιεῖ.

267 1669 366 1753 Λιμὴν
390 1668 517 1751 ἀτυχίας
541 1668 619 1730 ἐστὶν
645 1670 823 1754 ἀνθρώποις
843 1669 947 1754 τέχνη.

267 1755 357 1838 Λιμῷ
377 1751 435 1836 γὰρ
459 1751 549 1814 οὐδὲν
572 1751 650 1816 ἔστιν
674 1755 825 1816 ἀντειπεῖν
849 1752 931 1822 ἔπος.

267 1838 379 1921 Λόγοις
402 1836 532 1922 ἀμείβου
555 1837 607 1900 τὸν
631 1837 733 1919 λόγοις
751 1838 899 1901 πείθοντά
922 1861 965 1901 σε.

267 1923 367 2005 Λόγος
387 1923 444 2005 γάρ
467 1921 530 1983 ἐστι
550 1922 712 2005 φάρμακον
737 1923 836 2005 λύπης
858 1922 961 2004 μόνον.

267 2007 388 2090 Λόγους
408 2007 465 2114 γὰρ
484 2001 686 2090 Ἑρμόδωρος
709 2006 924 2090 ἐμπορεύεται.

267 2091 357 2176 Λόγῳ
380 2089 412 2174 μ’
437 2112 561 2159 επεισας
587 2093 741 2175 φαρμάκῳ
765 2092 946 2177 σοφωτάτῳ.

267 2176 364 2240 Λυδοὶ
383 2176 523 2259 πονηροὶ,
548 2175 687 2324 δεύτεροι
708 2175 735 2238 δ’
760 2176 931 2259 Αἰγύπτιοι,

308 2260 405 2344 τρίτοι
430 2260 464 2322 δὲ
489 2262 615 2322 πάντων
664 2264 736 2344 ἄρες
759 2259 970 2330 ἐξωλέστατοι.
1011 2274 1013 2279 “

267 2345 417 2430 Λυχνεῖον
443 2344 629 2429 ἐκίητοῦμεν
657 2345 791 2431 ἅψαντες
812 2345 935 2431 λύχνον.

267 2428 395 2511 Μαγάδι
415 2430 541 2511 λαλήσω
568 2431 672 2514 μικρὸν
695 2430 760 2512 ἅμα
782 2431 831 2492 σοὶ
851 2433 901 2493 καὶ
925 2429 1012 2513 μέγα.

268 2511 420 2580 Μαλέαδε
440 2514 564 2598 κάμψας
588 2513 738 2577 ἐπιλάθου
761 2520 822 2576 τῶν
849 2514 965 2578 οἴκαδε.

268 2599 385 2665 Μάντις
403 2597 435 2679 γ’
460 2597 592 2681 ἀριστος,
613 2599 694 2666 ὅστις
717 2599 833 2671 εἰκάζει
853 2604 966 2668 καλῶς.

265 2683 501 2766 -Μαρυανδυνῶν
527 2683 664 2766 μέμνησο
687 2685 911 2768 θρηνητηρίων.

267 2767 394 2832 Μάταια
415 2766 442 2828 τ’
467 2766 547 2830 ἀλλα
567 2769 653 2852 παρὰ
677 2765 828 2852 Κρότωνα
846 2769 874 2832 τ’
899 2769 1003 2832 ἄστεα.

268 2851 369 2918 Μέλει
387 2851 444 2936 γὰρ
465 2851 613 2936 ἡσσον,ἢ
638 2855 792 2940 χελώναις
811 2859 871 2916 τῶν
898 2859 1005 2937 μυιῶν.

268 2935 357 3001 Μετὰ
381 2935 438 3019 γὰρ
461 2937 632 3000 νοσούντων
655 2939 763 3001 καὶτὸ
789 2938 953 3021 μαίνεσθαι
975 2935 1080 3000 καλόν.

267 3019 432 3102 Μετῆλθεν
455 3021 474 3102 ἡ
494 3021 611 3103 Ἀμαίοι
633 3026 685 3105 τῆν
709 3021 866 3104 ’Λζησίακ

267 3104 321 3189 Μή
347 3127 400 3188 μοι
419 3106 487 3167 ποτ’
512 3103 617 3190 ἔλθης,
639 3107 710 3170 όταν
733 3108 795 3188 ἐγὼ
815 3109 937 3191 πράττω
955 3108 1067 3174 καλῶς.

267 3189 320 3272 Μὴ
344 3191 584 3274 μνησικακήσῃς,
613 3193 639 3255 εἰ
659 3191 695 3254 σὺ
720 3192 827 3275 Φυλὴν
851 3191 1030 3275 κατέλαβες.

267 3273 321 3356 Μὴ
344 3275 422 3356 πρὸς
443 3275 553 3337 λέοντα
576 3276 689 3359 δορκάς
713 3276 834 3360 ἅψομαι
857 3278 967 3361 μάχης.

267 3357 321 3441 Μὴ
346 3356 488 3421 σύντονον
511 3360 615 3436 δίωκε,
639 3361 708 3444 μήτ’
733 3361 894 3444 ἀνειμένην

312 3443 391 3505 ἰαστί
415 3447 544 3526 μοῦσαν,
567 3445 647 3508 ἀλλά
670 3444 723 3507 τάν
747 3445 842 3527 μέσαν
864 3445 966 3507 νέων..

267 3525 320 3611 Μὴ
347 3525 379 3589 δ’
400 3525 439 3590 αὖ
462 3528 606 3634 ἀγροίκου
631 3530 760 3613 ῥήτορος
782 3527 978 3612 καταφρόνει.

267 3609 321 3695 Μὴ
350 3615 454 3695 μεῖζον
478 3613 556 3678 ἔστω
580 3619 634 3677 τοῦ
658 3617 735 3683 νεὼς
756 3615 791 3676 τὸ
814 3614 949 3698 φορτίον.
1083 3615 1181 3698 [τῆςί]

268 3694 321 3782 Μὴ
345 3696 472 3779 τοδμδν,
496 3699 646 3762 ἀλλὰκαὶ
671 3700 704 3762 τδ
729 3699 782 3761 σδν
805 3700 902 3784 φῦλον
928 3697 1045 3764 σκόπει.
1072 3756 1074 3763 .
