3059 4492
746 487 898 580 -ίθθ-

362 650 443 733 Ὀψὲ
466 647 548 711 θεῶν
571 647 726 712 ἀλέθοοσι·
744 648 847 732 μύλοι,
870 647 1019 712 ἀλέθουσι
1042 649 1078 712 δὲ
1101 651 1209 715 λεπτά.

366 738 452 806 Παῖς
475 754 528 816 μοι
547 733 719 816 τριτυγενὴς
739 733 800 817 ε’ίη,
820 734 862 816 μὴ
883 732 1078 816 τριτογένεια.

367 817 487 901 Πέτραν
506 817 652 881 κοιλαίνει
676 818 758 902 ρανὶς
783 819 894 886 ύδατος
916 817 1105 902 ἑνδελεχείη.

367 903 549 984 Πνευσάσης
574 901 681 985 ἑτέρας
704 901 801 985 αύρης
821 903 970 986 χαίροντα
993 903 1113 987 διαζῆν.

368 988 478 1060 Πολλὰ
502 988 536 1048 δὲ
557 988 770 1069 μοχθήσαντες
793 986 920 1050 ἐτώσιον
943 987 1033 1068 ἐσμὲν
1058 988 1184 1068 ὁμοίως.

367 1073 477 1141 Πολλά
500 1093 552 1134 κεν
573 1071 695 1153 εἰδείης,
719 1071 764 1138 οἷς
782 1073 834 1134 καὶ
855 1072 928 1133 θεὸν
951 1071 1167 1153 ἐξατατήσαις.

368 1155 477 1224 Πολλὰ
504 1156 600 1238 μάτην
623 1156 782 1237 κεράεσσιν
806 1155 838 1222 ἐς
857 1154 936 1239 ἠέρα
956 1155 1154 1238 θυμαίνοντα.

368 1240 478 1310 Πολλά
502 1239 614 1322 μεταξὺ
635 1239 724 1302 πέλει
746 1239 871 1307 κύλικος
887 1240 939 1301 καὶ
958 1240 1080 1323 χείλεος
1099 1239 1208 1325 ἄκρου.

368 1325 509 1393 Πολλάκι
529 1324 583 1386 καί
603 1346 650 1384 τοι
672 1325 777 1406 μωρὸς
799 1324 876 1407 ἀνὴρ
899 1326 983 1405 μάλα
1005 1324 1121 1407 καίριον
1144 1325 1241 1389 εἶπεν.

368 1408 496 1477 Πολλὰς
520 1408 686 1491 δη-φιλίας
708 1410 918 1490 ἀπροσηγορίη
944 1407 1093 1473 διέλυσεν.

368 1493 489 1560 Πολλοὶ
515 1491 695 1576 βουκένται,
709 1498 825 1575 παῦροι
845 1491 880 1554 δέ
900 1515 933 1554 τε
953 1497 1009 1573 γῆς
1031 1493 1189 1600 ἀροτῗγρες.

369 1578 489 1643 Πολλοὶ
512 1577 543 1638 ἐν
564 1575 714 1659 Ἀρκαδίῃ
739 1577 956 1660 βαλανηφάγοι
976 1577 1085 1660 ἄνδρες
1108 1601 1186 1640 εασι.

370 1661 488 1728 Πολλοὶ
512 1659 684 1746 θριοβύλοι,
710 1665 825 1742 παῦροι
847 1659 882 1722 δέ
902 1683 936 1722 τε
959 1663 1079 1743 μάντιες
1101 1660 1219 1745 ἄνδρες.

370 1745 490 1812 Πολλοί
508 1767 556 1806 τοι
577 1743 820 1828 ναρθηκοφόροι,
842 1750 958 1828 παῦροι
979 1745 1015 1808 δέ
1036 1768 1068 1808 τε
1091 1745 1148 1829 βάκ
1172 1770 1214 1810 οι.

371 1831 502 1896 Πολλὼς
521 1834 564 1892 τῶ
586 1825 727 1911 Βρασίδα
747 1828 952 1910 Λακεδαίμων
975 1829 1127 1913 κάρρονας
1150 1854 1243 1916 ισχει.

369 1912 704 1997 Πουλυμαθημοσύνης
722 1913 813 1975 οὐδὲν
831 1915 1018 1997 κενεώτερον
1038 1912 1126 1978 ἄλλο.

369 1997 575 2066 Πουλύποδος
593 1995 720 2082 κεφαλγῖ
733 1995 777 2060 ἔνι
797 1998 852 2080 μὲν
870 2000 975 2074 κακδν,
999 1999 1030 2059 ἐν
1045 1999 1080 2061 δὲ
1094 1999 1146 2062 καὶ
1159 1998 1282 2063 ἐσθλόν.

370 2083 454 2168 Πρὸς
477 2084 510 2145 τὸ
538 2085 635 2166 παρὸν
659 2083 697 2165 δὴ
722 2087 808 2165 μῆτις
829 2081 952 2151 ἀέξεται
974 2083 1175 2166 ἀνθρώποισι.

351 2211 353 2216 .
370 2167 443 2237 Πῶς
462 2167 520 2250 γάρ
542 2167 684 2250 τοιαύτης
704 2167 841 2249 δύναμαι
857 2165 964 2249 θοίνης
986 2166 1160 2252 ἀπέχεσθαι
1166 2191 1177 2244 ;

370 2252 479 2335 Σειρὴν
502 2253 556 2334 μὲν
580 2253 668 2336 φιλσν
690 2251 842 2333 ἀγγέλλει,
863 2250 959 2320 ξεῖνον
982 2253 1017 2314 δὲ
1039 2251 1181 2333 μέλισσα.

370 2336 455 2400 Σύκα
480 2335 546 2420 φίλ’
573 2336 727 2420 ὀρνίθεσσι
751 2335 891 2420 φυτεύειν
916 2335 973 2399 οὐκ
994 2335 1148 2398 ἐθέλουσι.
1199 2356 1202 2368 ·

371 2418 432 2487 Τάν
455 2420 565 2504 ἀρετὰν
585 2422 637 2484 καὶ
661 2420 714 2484 τάν
738 2421 849 2505 σοφίαν
873 2425 985 2482 νικᾶντι
1006 2423 1154 2504 χελῶναι.

371 2502 503 2588 Τετράδι
524 2511 636 2589 κοῦρος
658 2503 773 2586 ἔγεντο,
793 2506 844 2567 καὶ
868 2504 988 2568 υύποκα
1008 2505 1165 2586 πάγκακος
1187 2503 1283 2570 ἔσται.

372 2585 421 2672 Τῇ
444 2590 498 2672 μὲν
525 2589 608 2672 ὕδωρ
631 2588 739 2673 φορέει
761 2589 853 2671 δολίη
875 2590 954 2674 χερὶ,
983 2594 1022 2672 τη
1045 2589 1073 2650 δ’
1096 2588 1188 2673 ἑτέρη
1211 2596 1283 2676 πῦρ.

371 2670 435 2755 Τῆς
448 2677 553 2757 Ἰψυχῆς
575 2675 682 2752 ἐστὶ[ν]
708 2673 835 2735 δουλεία
856 2675 1134 2756 γλωσσοκομεῖον.

372 2753 474 2820 Τίκτει
494 2779 541 2820 τοι
559 2757 656 2841 κούρη
681 2758 732 2824 καὶ
755 2757 827 2820 ὅταν
852 2760 945 2821 κακὸν
966 2759 1053 2840 ἀνδρὶ
1074 2757 1198 2840 παρείη.
1230 2803 1233 2806 -

372 2835 425 2910 Τίς
442 2840 552 2925 πατέρ’
576 2841 705 2924 αἰνήσεί
729 2842 756 2902 εἰ
780 2843 821 2924 μὴ
843 2842 1055 2924 κακοδαίμονα
1072 2841 1181 2918 τέκνα;

372 2921 433 2989 Τδν
459 2927 562 2990 σικυὸν
588 2930 742 3010 τρώγοισα
762 2926 849 3007 γύναι
871 2926 923 2988 τὰν
946 2928 1075 3010 χλαῖναν
1099 2927 1221 3010 ὕφαινε.

371 3006 452 3077 Τοὺς
476 3010 619 3078 συνετοὺς
641 3009 676 3074 ἀν
698 3033 740 3077 τις
766 3010 884 3073 πἐίὸειε
904 3011 1032 3116 τάχιστα
1053 3010 1152 3093 λέγων
1177 3009 1224 3074 εὖ.

371 3092 443 3179 Τρὶς
465 3095 492 3157 δ’
518 3093 785 3178 ἀπομαξαμένοισι
806 3095 875 3158 θεοὶ
899 3095 1034 3158 διδοασιν
1061 3094 1198 3177 ἄμεινον.

371 3176 441 3243 Τῶν
467 3181 604 3243 δυνατῶν
624 3204 651 3243 τι
672 3178 789 3242 κέλευ’.
814 3181 851 3244 οὐ
874 3179 932 3262 γὰρ
952 3180 1037 3261 πάρα
1050 3176 1169 3245 Κενταύ
1192 3201 1265 3244 οισι.

372 3261 441 3327 Τῶν
465 3263 534 3328 ἔσθ’
561 3264 614 3334 οὓς
634 3264 776 3333 ἐδίδαξαν
801 3264 945 3348 ἀριστερὰ
962 3264 1128 3347 γράμματα
1182 3267 1284 3328 οὖσαι.

367 3346 474 3430 Ὑμεῖς
493 3348 524 3412 δ’
543 3350 659 3432 Αἰγιεῖς
682 3347 752 3412 οὔτε
774 3351 878 3433 τρίτοι,
902 3347 974 3411 ούτε
995 3347 1143 3432 τέταρτοι.

365 3430 541 3497 Ὕπνώσσει
561 3435 590 3496 δ’
611 3433 681 3496 οὐδ’
707 3432 799 3495 ύσσον
826 3433 955 3517 ἀηδόνες
973 3432 1178 3496 ύπνώσσουσι.

374 3517 524 3581 Φωκείοιν
547 3518 654 3603 μέχρις
676 3541 711 3580 κε
733 3517 813 3624 μένη
839 3517 933 3601 μέγας
954 3517 997 3578 εἰν
1027 3518 1078 3578 ἁλὶ
1099 3515 1227 3600 μύδρος.

372 3599 495 3682 Χειρῶν
518 3601 707 3684 ὀλλυμένων,
731 3601 813 3685 ερρει
835 3600 1004 3682 πολύμητις
1021 3599 1151 3684 Ἀθήνη.

372 3682 478 3768 Χρειιδ
500 3684 589 3746 πάντ’
609 3685 739 3754 ἐδίδαξε.
761 3685 791 3746 τί
810 3684 845 3746 οὐ
864 3687 961 3768 χρειώ
983 3705 1034 3745 κεν
1057 3684 1198 3768 ἀνεύροι;
