3059 4492
741 460 892 562 Q

370 633 531 693 Certamen
552 634 631 692 acris
651 647 848 695 conserentes
869 637 989 714 praelii,

369 719 535 795 Pisamque
559 719 692 796 capiunt,
713 729 743 778 et
764 722 937 796 relinquunt
958 721 1060 780 omnia
1138 759 1140 762 ψ

294 809 362 863 1360
371 805 521 864 Praedam
548 805 640 866 duelli
659 806 776 882 iugera,
801 807 926 866 Umbris
948 807 1058 863 finibus

368 889 547 966 Propinqua
572 898 601 946 et
621 889 744 966 Alpium
769 892 883 968 iugosis
906 891 1036 950 arcibus.

369 969 470 1032 Litem¹
490 993 647 1049 supremus
669 977 760 1034 torris
783 977 937 1051 antiquam
957 975 1078 1044 excitat,

371 1059 453 1120 Olim
475 1058 613 1135 sepultos
636 1059 758 1136 ignibus
780 1062 918 1120 animans
941 1079 1046 1137 rogos,

369 1145 537 1218 Postquam
555 1144 702 1220 Pelasgos
723 1146 897 1205 haurientes
920 1146 1080 1222 Rhyndaci

294 1236 360 1290 1365
371 1229 542 1306 Conspexit
559 1229 642 1288 urnis
663 1231 695 1288 in
707 1232 885 1308 peregrinis
910 1249 1028 1306 aquam.

369 1315 542 1391 Lymphata
564 1322 595 1371 at
616 1314 670 1371 illa
693 1316 827 1374 efferatis
851 1319 999 1375 aestubus

370 1399 565 1475 Triplamque
587 1399 842 1475 quadruplamque
864 1401 1026 1472 vindictam
1047 1398 1169 1471 inferet,

369 1485 488 1561 Magnis
509 1484 604 1542 ruinis
626 1484 710 1543 littus
731 1487 1069 1561 adversumsimpetens.

369 1569 535 1643 Aderitque
557 1570 671 1644 primus
693 1571 742 1628 hic
766 1570 834 1630 Ioui
856 1571 1007 1647 Lapersio

271 1678 276 1689 ·
294 1655 361 1708 1370
372 1653 629 1736 Cognominisque
654 1661 683 1710 et
701 1655 872 1732 Fulguritor
893 1655 1039 1732 Iuppiter,

371 1738 456 1797 Telis
477 1738 610 1796 trisulcis
632 1732 767 1798 hosticas
787 1741 974 1817 flam[m]ans
994 1743 1115 1800 domos:
1170 1809 1172 1811 g

369 1821 497 1896 Quicum
520 1824 589 1899 ipsa
611 1824 732 1897 moriar,
751 1825 843 1900 inque
868 1827 995 1885 mortuis
1018 1843 1135 1904 vagans

370 1909 457 1968 Tunc
476 1909 598 1966 audiam
616 1908 679 1966 illic
699 1911 763 1982 illa,
787 1930 864 1985 quae
884 1920 957 1987 post
982 1911 1117 1987 eloquar.

370 1991 485 2054 Sedtet
506 1994 668 2066 secundus,
687 1995 839 2053 interemti
860 1996 942 2054 fflius

295 2080 407 2138 1375111
430 2087 494 2136 rete
516 2080 590 2136 muti
609 2079 703 2154 piscis
727 2081 836 2136 immiti
858 2081 961 2153 modo,
1049 2106 1052 2113 ·

372 2165 498 2221 Terram
519 2165 664 2221 cremabit
683 2165 837 2242 hospitem
857 2166 968 2223 Medici
990 2165 1039 2223 dei

372 2249 512 2309 Oraculis
533 2268 600 2306 cum
620 2249 803 2326 multilingui
823 2251 970 2308 exercitu.

371 2337 412 2393 At
433 2353 504 2412 rege
526 2334 674 2410 lignatore
696 2336 803 2393 tertius
823 2344 919 2407 satus,

369 2419 507 2496 Figulam
526 2427 664 2477 recenter
685 2420 833 2496 virginem
851 2421 1070 2478 Branchesiam

296 2509 362 2563 1380
372 2504 500 2564 Glebam
521 2504 651 2562 solutam
672 2505 795 2563 flumine
815 2505 961 2564 inducens
985 2506 1044 2562 sibi

371 2590 530 2647 Terrestre
553 2609 648 2666 egeno
671 2609 781 2648 munus
804 2591 920 2667 optanti
941 2590 1024 2660 dare,

370 2675 464 2732 Libro
488 2674 621 2751 sigillum
643 2676 723 2748 quod
745 2675 855 2734 fuisset
877 2675 1009 2747 conduli‚

370 2761 518 2817 Montana
537 2758 695 2816 Phthirum
718 2779 813 2837 regna
834 2761 917 2819 solus
940 2759 1063 2831 incolet,

370 2844 508 2902 Peditem
529 2843 692 2902 retundens
716 2844 796 2903 Cara
816 2846 1050 2902 mercenarium:

295 2937 361 2991 1385
371 2929 499 2987 Petulca
521 2947 588 2985 cum
608 2930 736 2988 nonaria
757 2931 876 3007 augium
899 2940 1000 2988 terens

369 3015 506 3073 Nictabit
529 3014 601 3071 olim
620 3015 752 3090 nuptiaS,
773 3015 932 3074 catullieus

371 3101 467 3175 Turpi
487 3100 633 3158 suburrae
655 3101 850 3158 barbarorum
871 3102 996 3158 nubere.

371 3184 477 3258 Quarti
498 3184 660 3260 Dymantis
682 3187 830 3262 sanguine
853 3203 872 3242 a
890 3183 1060 3253 veterrimo,

370 3270 600 3344 Lacmoniique,
620 3278 682 3326 tum
705 3269 856 3346 Cyanam,
876 3278 906 3328 et
931 3268 1039 3327 Codri:

296 3363 362 3416 1390
372 3354 431 3428 Qui
453 3355 619 3431 Thingrum
642 3356 795 3413 habebunt
814 3364 845 3412 et
866 3373 1010 3412 cacumen
1035 3350 1187 3427 Samium,

372 3441 412 3497 Et
433 3440 631 3516 marginalem
653 3433 774 3516 pristini
796 3440 988 3516 peninsulam

372 3525 549 3600 Empandae
571 3525 695 3582 Edusae
713 3525 875 3601 plurimum
896 3524 989 3582 invisi
1012 3523 1097 3594 deae,
1173 3552 1175 3557 ·

373 3609 474 3667 Patris
494 3609 614 3667 virosae
634 3610 828 3669 multiformis
850 3610 1012 3686 scrophae,

375 3691 560 3765 Quotidiano
583 3713 659 3768 quae
682 3695 816 3754 libidinis
836 3695 920 3752 lucro
