3059 4492
704 479 855 610 —304

324 685 384 744 Hic
406 705 463 744 vos
486 685 584 743 saluto
604 684 712 744 laetus.
742 685 954 757 Esteielices,

324 771 441 844 Pioqne
464 789 581 841 manes,
602 789 630 843 o,
655 782 767 847 nepote
788 771 925 846 gaudete.

324 856 376 928 Ut,
400 873 489 929 quam
511 855 617 911 ruinae
636 873 685 912 me
707 855 901 932 superstitem
922 861 1040 912 vestrae

323 939 386 998 Pur
408 949 455 998 est
477 939 592 1012 dolere,
614 949 716 999 tamne
738 941 845 1012 laeter,
865 947 898 997 ut
919 947 1002 997 resto

324 1026 350 1085 E
373 1044 474 1083 messe
495 1034 580 1082 tanta
601 1043 719 1084 semen:
748 1045 765 1081 e
788 1024 991 1102 procellisque

325 1110 443 1169 Tantae
465 1111 573 1168 domus
596 1110 710 1169 tabella
731 1110 881 1186 naufragii
903 1109 988 1166 tanti.

490 1278 541 1337 29.
562 1288 564 1291 '
583 1279 634 1336 Ad
653 1279 778 1338 Paulum
801 1280 949 1337 Metiscum
970 1278 1004 1336 P.
1028 1279 1065 1336 L.

326 1362 466 1423 caeleste
488 1371 605 1439 pectus,
633 1365 718 1423 cuius
742 1384 781 1422 ex
802 1365 1002 1422 inexhaustae

326 1448 437 1506 Mentis
458 1449 616 1520 scatebris,
641 1449 872 1524 limpidissimae
893 1449 1014 1526 linguae

327 1532 472 1593 Sermone
492 1533 540 1589 dio
561 1553 640 1591 vena
661 1535 756 1591 lacteo
777 1541 890 1605 manat,

326 1617 565 1693 Melisse:‚quid
584 1638 632 1675 me
655 1620 845 1696 naufragum,
866 1617 937 1694 quid
959 1635 1152 1694 oppressum,

327 1702 407 1775 Quid
429 1703 566 1779 improbo
588 1702 704 1762 doloris
729 1705 867 1762 obrutum
892 1704 992 1774 fluctu,

326 1787 519 1863 Curvumque
542 1788 634 1859 luctu,
660 1798 690 1846 et
713 1789 809 1846 fronte
833 1807 944 1846 cernua
962 1795 1073 1845 terram

327 1873 487 1944 luentem,
510 1874 549 1930 ad
570 1873 650 1930 altae
670 1875 771 1932 lumen
796 1874 885 1951 erigis
908 1875 1030 1931 Musae:

326 1959 369 2017 Ut
390 1959 505 2035 scripta
524 1967 630 2016 nostra
649 1978 822 2036 provocans
845 1959 904 2016 tuis
926 1958 1059 2034 scriptis,

326 2043 494 2101 Inamoena
517 2044 628 2119 scripta
651 2045 874 2104 candidissimis
897 2044 1029 2120 scriptis,

327 2131 355 2187 A
378 2137 478 2186 mente
502 2130 581 2188 curis
605 2139 635 2187 et
654 2131 776 2189 silentio
801 2121 901 2187 mersa

236 2225 241 2236 “
326 2214 438 2273 Molles
462 2232 614 2287 camenas,
636 2216 729 2274 molle
753 2219 873 2286 carmen
895 2221 1054 2290 expectes:

327 2299 398 2357 Hoc
418 2299 503 2356 licuit
524 2300 607 2372 olim,
630 2319 697 2358 cnm
719 2301 891 2359 faventibus
913 2300 1010 2357 Musis

328 2383 469 2443 Secunda
491 2394 611 2444 nostros
635 2405 709 2444 aura
729 2395 903 2462 temperans
927 2402 1032 2442 cursus

328 2471 398 2527 Mea
420 2470 459 2526 ud
475 2471 583 2528 beatos
605 2471 674 2527 vela
696 2472 827 2528 mitteret
849 2478 967 2546 portus,

327 2555 450 2630 Regens
474 2556 590 2611 amicae
610 2557 694 2631 pacis
716 2556 748 2612 in
772 2556 839 2612 sinu
861 2563 923 2612 tuto
987 2552 989 2557 ’

329 2638 443 2699 Studiis
465 2640 598 2696 adultam
618 2641 795 2698 liberalibus
819 2647 959 2696 mentem.

328 2723 426 2797 Quam
448 2723 527 2782 lenis
549 2724 651 2797 ardor,
674 2735 763 2799 atque
785 2723 882 2782 literis
903 2724 1015 2781 florens

328 2808 457 2886 Ignobili
478 2809 603 2866 fovebat
623 2809 682 2867 otio
703 2811 833 2887 primum

328 2892 421 2967 Quies
439 2895 587 2951 bonarum
609 2895 711 2953 mollis
731 2894 840 2952 artium
863 2892 974 2961 nutrix,

329 2977 448 3039 Serena
464 2997 578 3036 vacuae
599 2980 720 3038 flamma
744 2998 865 3054 semper
883 2976 1040 3052 aspirans:

327 3065 498 3139 Postquam
519 3065 663 3140 procellis
686 3084 762 3140 eque
784 3063 895 3140 triplici
917 3063 1008 3118 fluctu

329 3148 435 3208 Civilis
460 3158 574 3222 aestus,
599 3150 745 3213 delicatus
769 3157 798 3206 et
816 3149 894 3206 liber

328 3235 460 3311 Excepit
478 3235 577 3292 almae
598 3254 646 3294 me
669 3235 828 3293 Valentius
850 3239 956 3311 portus
963 3251 971 3301 ;

328 3319 371 3378 Ut
389 3319 463 3379 iuris
484 3323 547 3378 acri
566 3329 671 3380 sancta
690 3339 739 3377 me
758 3320 884 3378 Themis
907 3315 988 3377 cultu

329 3404 462 3463 Artificis
483 3407 633 3482 expoliret
652 3425 750 3483 ungue
774 3404 899 3476 cniaeii,

329 3488 509 3564 Inexpiatae
531 3501 605 3567 post
627 3500 750 3549 cruenta
768 3491 913 3549 Bellonae

329 3573 470 3651 Pugnate
490 3577 575 3634 caelo
601 3577 680 3634 bella
699 3595 820 3652 semper
835 3571 921 3633 irato.

242 3701 245 3711 .
331 3659 507 3717 Tunetunc
527 3668 628 3735 poeta,
650 3669 720 3719 tunc
741 3661 879 3738 Apollini
901 3679 987 3719 carus

329 3745 417 3816 Vixi3
435 3742 576 3804 Camenis
601 3753 671 3803 tunc
692 3747 806 3805 amicus
830 3744 945 3816 andivi5
