<?xml version="1.0" encoding="UTF-8"?>
<!DOCTYPE html PUBLIC "-//W3C//DTD XHTML 1.0 Transitional//EN"
    "http://www.w3.org/TR/xhtml1/DTD/xhtml1-transitional.dtd">
<html xmlns="http://www.w3.org/1999/xhtml" xml:lang="en" lang="en">
 <head>
  <title>
</title>
<meta http-equiv="Content-Type" content="text/html;charset=utf-8" />
  <meta name='ocr-system' content='tesseract 3.04.00' />
  <meta name='ocr-capabilities' content='ocr_page ocr_carea ocr_par ocr_line ocrx_word'/>
</head>
<body>
  <div class='ocr_page' id='page_1' title='image "./poemataomnia01scalgoog_0307.png"; bbox 0 0 3059 4492; ppageno 0'>
   <div class='ocr_carea' id='block_1_1' title="bbox 657 473 809 568">
    <p class='ocr_par' dir='ltr' id='par_1_1' title="bbox 657 473 809 568">
     <span class='ocr_line' id='line_1_1' title="bbox 657 473 809 568; baseline -0.007 -35"><span class='ocrx_word' id='word_1_1' title='bbox 657 473 809 568; x_wconf 47' lang='lat' dir='ltr'><em>...Q-</em></span> 
     </span>
    </p>
   </div>
   <div class='ocr_carea' id='block_1_2' title="bbox 235 640 1244 3680">
    <p class='ocr_par' dir='ltr' id='par_1_2' title="bbox 271 640 1011 719">
     <span class='ocr_line' id='line_1_2' title="bbox 271 640 1011 719; baseline 0.001 -17"><span class='ocrx_word' id='word_1_2' title='bbox 271 643 338 702; x_wconf 82' lang='lat' dir='ltr'>Aut</span> <span class='ocrx_word' id='word_1_3' title='bbox 359 659 425 698; x_wconf 87' lang='lat' dir='ltr'>eum</span> <span class='ocrx_word' id='word_1_4' title='bbox 445 640 485 700; x_wconf 85' lang='lat' dir='ltr'>iis</span> <span class='ocrx_word' id='word_1_5' title='bbox 512 640 628 700; x_wconf 87' lang='lat' dir='ltr'>doloris</span> <span class='ocrx_word' id='word_1_6' title='bbox 649 643 738 718; x_wconf 81' lang='lat' dir='ltr'>peric</span> <span class='ocrx_word' id='word_1_7' title='bbox 760 643 864 701; x_wconf 83' lang='lat' dir='ltr'>munio</span> <span class='ocrx_word' id='word_1_8' title='bbox 881 643 1011 719; x_wconf 74' lang='lat' dir='ltr'>exequi?</span> 
     </span>
    </p>

    <p class='ocr_par' dir='ltr' id='par_1_3' title="bbox 272 724 1144 885">
     <span class='ocr_line' id='line_1_3' title="bbox 273 724 1144 804; baseline 0.006 -20"><span class='ocrx_word' id='word_1_9' title='bbox 273 725 332 785; x_wconf 86' lang='lat' dir='ltr'>ch.</span> <span class='ocrx_word' id='word_1_10' title='bbox 374 725 462 801; x_wconf 80' lang='lat' dir='ltr'>Quod</span> <span class='ocrx_word' id='word_1_11' title='bbox 484 724 663 804; x_wconf 81' lang='lat' dir='ltr'>duplicatur,</span> <span class='ocrx_word' id='word_1_12' title='bbox 683 727 781 786; x_wconf 78' lang='lat' dir='ltr'>maius</span> <span class='ocrx_word' id='word_1_13' title='bbox 805 736 862 800; x_wconf 90' lang='lat' dir='ltr'>est,</span> <span class='ocrx_word' id='word_1_14' title='bbox 884 729 1003 803; x_wconf 89' lang='lat' dir='ltr'>mulier,</span> <span class='ocrx_word' id='word_1_15' title='bbox 1022 730 1144 790; x_wconf 84' lang='lat' dir='ltr'>mulum.</span> 
     </span>
     <span class='ocr_line' id='line_1_4' title="bbox 272 811 1037 885; baseline 0.004 -16"><span class='ocrx_word' id='word_1_16' title='bbox 272 811 349 870; x_wconf 87' lang='lat' dir='ltr'>Teo.</span> <span class='ocrx_word' id='word_1_17' title='bbox 389 811 493 868; x_wconf 72' lang='lat' dir='ltr'>Morbo</span> <span class='ocrx_word' id='word_1_18' title='bbox 513 829 663 885; x_wconf 78' lang='lat' dir='ltr'>curemus,</span> <span class='ocrx_word' id='word_1_19' title='bbox 686 820 716 870; x_wconf 90' lang='lat' dir='ltr'>et</span> <span class='ocrx_word' id='word_1_20' title='bbox 734 812 907 872; x_wconf 81' lang='lat' dir='ltr'><strong>laboramus</strong></span> <span class='ocrx_word' id='word_1_21' title='bbox 926 821 1037 873; x_wconf 80' lang='lat' dir='ltr'>tamen.</span> 
     </span>
    </p>

    <p class='ocr_par' dir='ltr' id='par_1_4' title="bbox 273 893 1242 1061">
     <span class='ocr_line' id='line_1_5' title="bbox 273 893 1242 977; baseline 0.007 -23"><span class='ocrx_word' id='word_1_22' title='bbox 273 896 333 957; x_wconf 84' lang='lat' dir='ltr'>Ch.</span> <span class='ocrx_word' id='word_1_23' title='bbox 380 893 459 968; x_wconf 79' lang='lat' dir='ltr'>Quid</span> <span class='ocrx_word' id='word_1_24' title='bbox 481 894 579 955; x_wconf 80' lang='lat' dir='ltr'>dicis?</span> <span class='ocrx_word' id='word_1_25' title='bbox 599 897 673 956; x_wconf 78' lang='lat' dir='ltr'>haec</span> <span class='ocrx_word' id='word_1_26' title='bbox 694 917 743 955; x_wconf 88' lang='lat' dir='ltr'>me</span> <span class='ocrx_word' id='word_1_27' title='bbox 764 897 856 956; x_wconf 88' lang='lat' dir='ltr'>dictio</span> <span class='ocrx_word' id='word_1_28' title='bbox 879 898 1008 957; x_wconf 86' lang='lat' dir='ltr'>incertut</span> <span class='ocrx_word' id='word_1_29' title='bbox 1028 901 1136 977; x_wconf 80' lang='lat' dir='ltr'>magis.</span> <span class='ocrx_word' id='word_1_30' title='bbox 1190 914 1242 968; x_wconf 65' lang='lat'>270</span> 
     </span>
     <span class='ocr_line' id='line_1_6' title="bbox 273 979 1036 1061; baseline 0.001 -19"><span class='ocrx_word' id='word_1_31' title='bbox 273 983 350 1042; x_wconf 90' lang='lat' dir='ltr'>Teo.</span> <span class='ocrx_word' id='word_1_32' title='bbox 392 980 448 1039; x_wconf 87' lang='lat' dir='ltr'>Vir</span> <span class='ocrx_word' id='word_1_33' title='bbox 469 979 522 1038; x_wconf 92' lang='lat' dir='ltr'>ille</span> <span class='ocrx_word' id='word_1_34' title='bbox 543 984 651 1040; x_wconf 93' lang='lat' dir='ltr'>morbo</span> <span class='ocrx_word' id='word_1_35' title='bbox 676 1001 743 1040; x_wconf 90' lang='lat' dir='ltr'>eum</span> <span class='ocrx_word' id='word_1_36' title='bbox 765 990 921 1041; x_wconf 86' lang='lat' dir='ltr'>teneretur</span> <span class='ocrx_word' id='word_1_37' title='bbox 939 984 1036 1061; x_wconf 81' lang='lat' dir='ltr'>gravi,</span> 
     </span>
    </p>

    <p class='ocr_par' dir='ltr' id='par_1_5' title="bbox 276 1066 903 1142">
     <span class='ocr_line' id='line_1_7' title="bbox 276 1066 903 1142; baseline -0.002 -15"><span class='ocrx_word' id='word_1_38' title='bbox 276 1066 420 1127; x_wconf 81' lang='lat' dir='ltr'>Gestibat</span> <span class='ocrx_word' id='word_1_39' title='bbox 439 1067 519 1142; x_wconf 88' lang='lat' dir='ltr'>ipse,</span> <span class='ocrx_word' id='word_1_40' title='bbox 541 1084 601 1141; x_wconf 85' lang='lat' dir='ltr'>que</span> <span class='ocrx_word' id='word_1_41' title='bbox 619 1069 824 1142; x_wconf 79' lang='lat' dir='ltr'>premebatur,</span> <span class='ocrx_word' id='word_1_42' title='bbox 843 1067 903 1141; x_wconf 89' lang='lat' dir='ltr'>lue,</span> 
     </span>
    </p>

    <p class='ocr_par' dir='ltr' id='par_1_6' title="bbox 280 1152 1023 1230">
     <span class='ocr_line' id='line_1_8' title="bbox 280 1152 1023 1230; baseline 0.001 -19"><span class='ocrx_word' id='word_1_43' title='bbox 280 1152 425 1228; x_wconf 82' lang='lat' dir='ltr'>Angebat</span> <span class='ocrx_word' id='word_1_44' title='bbox 446 1159 476 1209; x_wconf 91' lang='lat' dir='ltr'>et</span> <span class='ocrx_word' id='word_1_45' title='bbox 497 1169 555 1210; x_wconf 89' lang='lat' dir='ltr'>nos</span> <span class='ocrx_word' id='word_1_46' title='bbox 576 1153 687 1210; x_wconf 90' lang='lat' dir='ltr'>mentis</span> <span class='ocrx_word' id='word_1_47' title='bbox 708 1152 806 1228; x_wconf 82' lang='lat' dir='ltr'><strong>impos</strong></span> <span class='ocrx_word' id='word_1_48' title='bbox 828 1155 1023 1230; x_wconf 89' lang='lat' dir='ltr'>compotes[.]</span> 
     </span>
    </p>

    <p class='ocr_par' dir='ltr' id='par_1_7' title="bbox 273 1236 1006 1314">
     <span class='ocr_line' id='line_1_9' title="bbox 273 1236 1006 1314; baseline 0.004 -18"><span class='ocrx_word' id='word_1_49' title='bbox 273 1237 446 1314; x_wconf 86' lang='lat' dir='ltr'>Postquam</span> <span class='ocrx_word' id='word_1_50' title='bbox 468 1236 594 1309; x_wconf 77' lang='lat' dir='ltr'>resedit,</span> <span class='ocrx_word' id='word_1_51' title='bbox 618 1255 654 1294; x_wconf 86' lang='lat' dir='ltr'>ac</span> <span class='ocrx_word' id='word_1_52' title='bbox 675 1237 789 1313; x_wconf 89' lang='lat' dir='ltr'>recepit</span> <span class='ocrx_word' id='word_1_53' title='bbox 810 1257 844 1296; x_wconf 92' lang='lat' dir='ltr'>se</span> <span class='ocrx_word' id='word_1_54' title='bbox 867 1258 886 1297; x_wconf 84' lang='lat' dir='ltr'>e</span> <span class='ocrx_word' id='word_1_55' title='bbox 906 1239 1006 1299; x_wconf 80' lang='lat' dir='ltr'>melo:</span> 
     </span>
    </p>

    <p class='ocr_par' dir='ltr' id='par_1_8' title="bbox 272 1321 1241 1485">
     <span class='ocr_line' id='line_1_10' title="bbox 272 1321 1241 1394; baseline 0 -12"><span class='ocrx_word' id='word_1_56' title='bbox 272 1323 315 1382; x_wconf 82' lang='lat' dir='ltr'>Et</span> <span class='ocrx_word' id='word_1_57' title='bbox 338 1322 438 1381; x_wconf 80' lang='lat' dir='ltr'>maior</span> <span class='ocrx_word' id='word_1_58' title='bbox 456 1322 542 1379; x_wconf 90' lang='lat' dir='ltr'>illum</span> <span class='ocrx_word' id='word_1_59' title='bbox 563 1321 673 1380; x_wconf 90' lang='lat' dir='ltr'>mentis</span> <span class='ocrx_word' id='word_1_60' title='bbox 692 1330 816 1380; x_wconf 83' lang='lat' dir='ltr'>exercet</span> <span class='ocrx_word' id='word_1_61' title='bbox 831 1323 927 1382; x_wconf 91' lang='lat' dir='ltr'>dolor.</span> <span class='ocrx_word' id='word_1_62' title='bbox 1189 1340 1241 1394; x_wconf 67' lang='lat'>⁴275</span> 
     </span>
     <span class='ocr_line' id='line_1_11' title="bbox 273 1407 1093 1485; baseline 0 -19"><span class='ocrx_word' id='word_1_63' title='bbox 273 1409 316 1466; x_wconf 87' lang='lat' dir='ltr'>Et</span> <span class='ocrx_word' id='word_1_64' title='bbox 337 1427 398 1466; x_wconf 91' lang='lat' dir='ltr'>nou</span> <span class='ocrx_word' id='word_1_65' title='bbox 421 1408 520 1466; x_wconf 90' lang='lat' dir='ltr'>minus</span> <span class='ocrx_word' id='word_1_66' title='bbox 543 1425 601 1465; x_wconf 88' lang='lat' dir='ltr'>uos</span> <span class='ocrx_word' id='word_1_67' title='bbox 625 1425 705 1465; x_wconf 89' lang='lat' dir='ltr'>nuno</span> <span class='ocrx_word' id='word_1_68' title='bbox 725 1407 864 1466; x_wconf 84' lang='lat' dir='ltr'>dolemus</span> <span class='ocrx_word' id='word_1_69' title='bbox 886 1427 975 1482; x_wconf 85' lang='lat' dir='ltr'>quam</span> <span class='ocrx_word' id='word_1_70' title='bbox 997 1407 1093 1485; x_wconf 89' lang='lat' dir='ltr'>prius.</span> 
     </span>
    </p>

    <p class='ocr_par' dir='ltr' id='par_1_9' title="bbox 273 1491 1095 1569">
     <span class='ocr_line' id='line_1_12' title="bbox 273 1491 1095 1569; baseline -0.002 -17"><span class='ocrx_word' id='word_1_71' title='bbox 273 1491 351 1552; x_wconf 86' lang='lat' dir='ltr'>Non</span> <span class='ocrx_word' id='word_1_72' title='bbox 373 1511 444 1569; x_wconf 90' lang='lat' dir='ltr'>ergo</span> <span class='ocrx_word' id='word_1_73' title='bbox 468 1492 579 1568; x_wconf 80' lang='lat' dir='ltr'>simple</span> <span class='ocrx_word' id='word_1_74' title='bbox 599 1492 684 1564; x_wconf 79' lang='lat' dir='ltr'>haec,</span> <span class='ocrx_word' id='word_1_75' title='bbox 706 1491 798 1568; x_wconf 80' lang='lat' dir='ltr'>duple</span> <span class='ocrx_word' id='word_1_76' title='bbox 815 1493 863 1551; x_wconf 93' lang='lat' dir='ltr'>bis</span> <span class='ocrx_word' id='word_1_77' title='bbox 886 1500 971 1552; x_wconf 81' lang='lat' dir='ltr'>tento</span> <span class='ocrx_word' id='word_1_78' title='bbox 994 1493 1095 1551; x_wconf 77' lang='lat' dir='ltr'>melei</span> 
     </span>
    </p>

    <p class='ocr_par' dir='ltr' id='par_1_10' title="bbox 273 1577 1243 1911">
     <span class='ocr_line' id='line_1_13' title="bbox 276 1577 1169 1654; baseline 0 -18"><span class='ocrx_word' id='word_1_79' title='bbox 276 1577 334 1637; x_wconf 85' lang='lat' dir='ltr'>Ch.</span> <span class='ocrx_word' id='word_1_80' title='bbox 378 1578 491 1635; x_wconf 91' lang='lat' dir='ltr'>Verum</span> <span class='ocrx_word' id='word_1_81' title='bbox 511 1585 569 1648; x_wconf 89' lang='lat' dir='ltr'>est,</span> <span class='ocrx_word' id='word_1_82' title='bbox 591 1577 756 1654; x_wconf 86' lang='lat' dir='ltr'>fetemur[:]</span> <span class='ocrx_word' id='word_1_83' title='bbox 780 1597 816 1635; x_wconf 82' lang='lat' dir='ltr'>ec</span> <span class='ocrx_word' id='word_1_84' title='bbox 835 1597 983 1651; x_wconf 84' lang='lat' dir='ltr'>veremur,</span> <span class='ocrx_word' id='word_1_85' title='bbox 1006 1598 1045 1636; x_wconf 88' lang='lat' dir='ltr'>ne</span> <span class='ocrx_word' id='word_1_86' title='bbox 1068 1578 1169 1636; x_wconf 81' lang='lat' dir='ltr'>Deum</span> 
     </span>
     <span class='ocr_line' id='line_1_14' title="bbox 273 1662 1050 1741; baseline 0.003 -21"><span class='ocrx_word' id='word_1_87' title='bbox 273 1662 417 1722; x_wconf 85' lang='lat' dir='ltr'>Incessat</span> <span class='ocrx_word' id='word_1_88' title='bbox 438 1663 484 1720; x_wconf 83' lang='lat' dir='ltr'>ire</span> <span class='ocrx_word' id='word_1_89' title='bbox 501 1663 596 1720; x_wconf 85' lang='lat' dir='ltr'>hunc:</span> <span class='ocrx_word' id='word_1_90' title='bbox 620 1681 691 1720; x_wconf 84' lang='lat' dir='ltr'>uem</span> <span class='ocrx_word' id='word_1_91' title='bbox 713 1662 832 1720; x_wconf 80' lang='lat' dir='ltr'>levetur</span> <span class='ocrx_word' id='word_1_92' title='bbox 855 1682 917 1722; x_wconf 92' lang='lat' dir='ltr'>non</span> <span class='ocrx_word' id='word_1_93' title='bbox 941 1664 1050 1741; x_wconf 82' lang='lat' dir='ltr'>magis,</span> 
     </span>
     <span class='ocr_line' id='line_1_15' title="bbox 274 1746 1243 1825; baseline 0.003 -20"><span class='ocrx_word' id='word_1_94' title='bbox 274 1746 447 1806; x_wconf 88' lang='lat' dir='ltr'>Defunctus</span> <span class='ocrx_word' id='word_1_95' title='bbox 470 1746 524 1805; x_wconf 83' lang='lat' dir='ltr'>illa</span> <span class='ocrx_word' id='word_1_96' title='bbox 546 1754 646 1823; x_wconf 87' lang='lat' dir='ltr'>peste,</span> <span class='ocrx_word' id='word_1_97' title='bbox 669 1766 759 1821; x_wconf 81' lang='lat' dir='ltr'>quam</span> <span class='ocrx_word' id='word_1_98' title='bbox 782 1756 945 1825; x_wconf 78' lang='lat' dir='ltr'>aegrotans</span> <span class='ocrx_word' id='word_1_99' title='bbox 966 1748 1086 1825; x_wconf 67' lang='lat' dir='ltr'>prius„</span> <span class='ocrx_word' id='word_1_100' title='bbox 1190 1763 1243 1818; x_wconf 73' lang='lat'>280</span> 
     </span>
     <span class='ocr_line' id='line_1_16' title="bbox 276 1833 1061 1911; baseline -0.001 -20"><span class='ocrx_word' id='word_1_101' title='bbox 276 1833 349 1891; x_wconf 85' lang='lat' dir='ltr'>Teo.</span> <span class='ocrx_word' id='word_1_102' title='bbox 396 1833 479 1911; x_wconf 84' lang='lat' dir='ltr'>Ergo</span> <span class='ocrx_word' id='word_1_103' title='bbox 502 1833 638 1892; x_wconf 88' lang='lat' dir='ltr'>disertim</span> <span class='ocrx_word' id='word_1_104' title='bbox 659 1833 898 1891; x_wconf 82' lang='lat' dir='ltr'>commonendus</span> <span class='ocrx_word' id='word_1_105' title='bbox 921 1852 954 1892; x_wconf 89' lang='lat' dir='ltr'>es</span> <span class='ocrx_word' id='word_1_106' title='bbox 977 1834 1061 1892; x_wconf 90' lang='lat' dir='ltr'>mihi.</span> 
     </span>
    </p>

    <p class='ocr_par' dir='ltr' id='par_1_11' title="bbox 275 1916 1170 2074">
     <span class='ocr_line' id='line_1_17' title="bbox 276 1916 1170 1995; baseline -0.006 -17"><span class='ocrx_word' id='word_1_107' title='bbox 276 1916 333 1978; x_wconf 83' lang='lat' dir='ltr'>Ch.</span> <span class='ocrx_word' id='word_1_108' title='bbox 375 1918 465 1978; x_wconf 84' lang='lat' dir='ltr'><strong>Enim</strong></span> <span class='ocrx_word' id='word_1_109' title='bbox 489 1917 568 1974; x_wconf 90' lang='lat' dir='ltr'>unde</span> <span class='ocrx_word' id='word_1_110' title='bbox 595 1917 698 1994; x_wconf 89' lang='lat' dir='ltr'>coepit</span> <span class='ocrx_word' id='word_1_111' title='bbox 721 1918 850 1995; x_wconf 82' lang='lat' dir='ltr'>gliscere</span> <span class='ocrx_word' id='word_1_112' title='bbox 869 1918 946 1975; x_wconf 84' lang='lat' dir='ltr'>haec</span> <span class='ocrx_word' id='word_1_113' title='bbox 964 1918 1062 1977; x_wconf 89' lang='lat' dir='ltr'>moles</span> <span class='ocrx_word' id='word_1_114' title='bbox 1085 1917 1170 1989; x_wconf 83' lang='lat' dir='ltr'>meli,</span> 
     </span>
     <span class='ocr_line' id='line_1_18' title="bbox 275 2001 973 2074; baseline 0 -13"><span class='ocrx_word' id='word_1_115' title='bbox 275 2001 342 2061; x_wconf 86' lang='lat' dir='ltr'>Nos</span> <span class='ocrx_word' id='word_1_116' title='bbox 365 2003 580 2074; x_wconf 84' lang='lat' dir='ltr'>condolentes,</span> <span class='ocrx_word' id='word_1_117' title='bbox 594 2011 623 2060; x_wconf 90' lang='lat' dir='ltr'>et</span> <span class='ocrx_word' id='word_1_118' title='bbox 644 2010 741 2060; x_wconf 88' lang='lat' dir='ltr'>metus</span> <span class='ocrx_word' id='word_1_119' title='bbox 762 2003 865 2062; x_wconf 90' lang='lat' dir='ltr'>socios</span> <span class='ocrx_word' id='word_1_120' title='bbox 887 2002 973 2061; x_wconf 87' lang='lat' dir='ltr'>doce.</span> 
     </span>
    </p>

    <p class='ocr_par' dir='ltr' id='par_1_12' title="bbox 276 2087 1243 2334">
     <span class='ocr_line' id='line_1_19' title="bbox 277 2087 1138 2167; baseline -0.005 -21"><span class='ocrx_word' id='word_1_121' title='bbox 277 2087 349 2146; x_wconf 85' lang='lat' dir='ltr'>Teo.</span> <span class='ocrx_word' id='word_1_122' title='bbox 391 2088 473 2167; x_wconf 85' lang='lat' dir='ltr'>Ergo</span> <span class='ocrx_word' id='word_1_123' title='bbox 497 2096 530 2145; x_wconf 88' lang='lat' dir='ltr'>ut</span> <span class='ocrx_word' id='word_1_124' title='bbox 551 2087 666 2146; x_wconf 86' lang='lat' dir='ltr'>doloris</span> <span class='ocrx_word' id='word_1_125' title='bbox 690 2088 805 2161; x_wconf 85' lang='lat' dir='ltr'>socius,</span> <span class='ocrx_word' id='word_1_126' title='bbox 828 2106 949 2146; x_wconf 91' lang='lat' dir='ltr'>omnem</span> <span class='ocrx_word' id='word_1_127' title='bbox 969 2106 1035 2147; x_wconf 87' lang='lat' dir='ltr'>rem</span> <span class='ocrx_word' id='word_1_128' title='bbox 1060 2094 1138 2144; x_wconf 90' lang='lat' dir='ltr'>tene.</span> 
     </span>
     <span class='ocr_line' id='line_1_20' title="bbox 276 2171 1243 2248; baseline -0.003 -16"><span class='ocrx_word' id='word_1_129' title='bbox 276 2171 358 2232; x_wconf 87' lang='lat' dir='ltr'>Nam</span> <span class='ocrx_word' id='word_1_130' title='bbox 380 2182 470 2232; x_wconf 91' lang='lat' dir='ltr'>nocte</span> <span class='ocrx_word' id='word_1_131' title='bbox 491 2173 590 2248; x_wconf 83' lang='lat' dir='ltr'>prima</span> <span class='ocrx_word' id='word_1_132' title='bbox 609 2172 740 2230; x_wconf 90' lang='lat' dir='ltr'>nondum</span> <span class='ocrx_word' id='word_1_133' title='bbox 762 2173 860 2230; x_wconf 78' lang='lat' dir='ltr'>adhue</span> <span class='ocrx_word' id='word_1_134' title='bbox 881 2172 1062 2231; x_wconf 76' lang='lat' dir='ltr'>micantibus</span> <span class='ocrx_word' id='word_1_135' title='bbox 1190 2187 1243 2243; x_wconf 65' lang='lat'>285</span> 
     </span>
     <span class='ocr_line' id='line_1_21' title="bbox 276 2256 904 2334; baseline -0.003 -18"><span class='ocrx_word' id='word_1_136' title='bbox 276 2261 439 2316; x_wconf 81' lang='lat' dir='ltr'>Astrorum</span> <span class='ocrx_word' id='word_1_137' title='bbox 461 2256 579 2330; x_wconf 74' lang='lat' dir='ltr'>ocelliS,</span> <span class='ocrx_word' id='word_1_138' title='bbox 602 2256 654 2314; x_wconf 90' lang='lat' dir='ltr'>ille</span> <span class='ocrx_word' id='word_1_139' title='bbox 676 2277 774 2316; x_wconf 84' lang='lat' dir='ltr'>venos</span> <span class='ocrx_word' id='word_1_140' title='bbox 795 2259 904 2334; x_wconf 81' lang='lat' dir='ltr'>oncipe</span> 
     </span>
    </p>

    <p class='ocr_par' dir='ltr' id='par_1_13' title="bbox 277 2343 919 2403">
     <span class='ocr_line' id='line_1_22' title="bbox 277 2343 919 2403; baseline -0.002 -3"><span class='ocrx_word' id='word_1_141' title='bbox 277 2343 448 2403; x_wconf 86' lang='lat' dir='ltr'>Instruetus</span> <span class='ocrx_word' id='word_1_142' title='bbox 471 2344 561 2402; x_wconf 83' lang='lat' dir='ltr'>haste</span> <span class='ocrx_word' id='word_1_143' title='bbox 582 2350 680 2400; x_wconf 82' lang='lat' dir='ltr'>tentat</span> <span class='ocrx_word' id='word_1_144' title='bbox 698 2343 798 2401; x_wconf 88' lang='lat' dir='ltr'>exitus</span> <span class='ocrx_word' id='word_1_145' title='bbox 816 2360 919 2401; x_wconf 91' lang='lat' dir='ltr'>ruens.</span> 
     </span>
    </p>

    <p class='ocr_par' dir='ltr' id='par_1_14' title="bbox 277 2423 1168 2507">
     <span class='ocr_line' id='line_1_23' title="bbox 277 2423 1168 2507; baseline -0.006 -21"><span class='ocrx_word' id='word_1_146' title='bbox 277 2427 343 2507; x_wconf 87' lang='lat' dir='ltr'>Ego</span> <span class='ocrx_word' id='word_1_147' title='bbox 367 2428 492 2505; x_wconf 90' lang='lat' dir='ltr'>increpo</span> <span class='ocrx_word' id='word_1_148' title='bbox 515 2427 679 2486; x_wconf 89' lang='lat' dir='ltr'>hominem.</span> <span class='ocrx_word' id='word_1_149' title='bbox 701 2447 772 2485; x_wconf 84' lang='lat' dir='ltr'>nam</span> <span class='ocrx_word' id='word_1_150' title='bbox 794 2428 877 2503; x_wconf 92' lang='lat' dir='ltr'>quid,</span> <span class='ocrx_word' id='word_1_151' title='bbox 896 2428 1031 2504; x_wconf 81' lang='lat' dir='ltr'>iuquam,</span> <span class='ocrx_word' id='word_1_152' title='bbox 1051 2423 1168 2501; x_wconf 84' lang='lat' dir='ltr'>cogites</span> 
     </span>
    </p>

    <p class='ocr_par' dir='ltr' id='par_1_15' title="bbox 235 2511 969 2589">
     <span class='ocr_line' id='line_1_24' title="bbox 235 2511 969 2589; baseline -0.001 -18"><span class='ocrx_word' id='word_1_153' title='bbox 235 2529 237 2536; x_wconf 78' lang='grc'>’</span> <span class='ocrx_word' id='word_1_154' title='bbox 276 2513 379 2572; x_wconf 79' lang='lat' dir='ltr'>Aiax?</span> <span class='ocrx_word' id='word_1_155' title='bbox 401 2514 482 2587; x_wconf 90' lang='lat' dir='ltr'>quod</span> <span class='ocrx_word' id='word_1_156' title='bbox 500 2513 578 2571; x_wconf 85' lang='lat' dir='ltr'>istuc</span> <span class='ocrx_word' id='word_1_157' title='bbox 599 2511 689 2570; x_wconf 89' lang='lat' dir='ltr'>itiner</span> <span class='ocrx_word' id='word_1_158' title='bbox 707 2513 856 2570; x_wconf 90' lang='lat' dir='ltr'>incertum</span> <span class='ocrx_word' id='word_1_159' title='bbox 877 2531 969 2589; x_wconf 81' lang='lat' dir='ltr'>perus</span> 
     </span>
    </p>

    <p class='ocr_par' dir='ltr' id='par_1_16' title="bbox 274 2597 1243 2759">
     <span class='ocr_line' id='line_1_25' title="bbox 274 2597 1243 2670; baseline -0.001 -13"><span class='ocrx_word' id='word_1_160' title='bbox 274 2598 372 2657; x_wconf 89' lang='lat' dir='ltr'>Nullo</span> <span class='ocrx_word' id='word_1_161' title='bbox 396 2605 539 2657; x_wconf 79' lang='lat' dir='ltr'>evocatus</span> <span class='ocrx_word' id='word_1_162' title='bbox 564 2597 687 2670; x_wconf 88' lang='lat' dir='ltr'>nuncio,</span> <span class='ocrx_word' id='word_1_163' title='bbox 712 2606 764 2655; x_wconf 81' lang='lat' dir='ltr'>aut</span> <span class='ocrx_word' id='word_1_164' title='bbox 786 2599 860 2655; x_wconf 85' lang='lat' dir='ltr'>tuba</span> <span class='ocrx_word' id='word_1_165' title='bbox 882 2598 1010 2669; x_wconf 84' lang='lat' dir='ltr'>excitus,</span> <span class='ocrx_word' id='word_1_166' title='bbox 1190 2611 1243 2665; x_wconf 72' lang='lat'>290</span> 
     </span>
     <span class='ocr_line' id='line_1_26' title="bbox 276 2679 1093 2759; baseline -0.009 -15"><span class='ocrx_word' id='word_1_167' title='bbox 276 2682 353 2744; x_wconf 83' lang='lat' dir='ltr'>Cum</span> <span class='ocrx_word' id='word_1_168' title='bbox 376 2683 513 2759; x_wconf 82' lang='lat' dir='ltr'>placidus</span> <span class='ocrx_word' id='word_1_169' title='bbox 536 2701 642 2741; x_wconf 90' lang='lat' dir='ltr'>omnes</span> <span class='ocrx_word' id='word_1_170' title='bbox 666 2682 777 2740; x_wconf 89' lang='lat' dir='ltr'>mulcet</span> <span class='ocrx_word' id='word_1_171' title='bbox 798 2683 831 2740; x_wconf 92' lang='lat' dir='ltr'>iu</span> <span class='ocrx_word' id='word_1_172' title='bbox 855 2683 963 2741; x_wconf 83' lang='lat' dir='ltr'>cestris</span> <span class='ocrx_word' id='word_1_173' title='bbox 985 2679 1093 2758; x_wconf 79' lang='lat' dir='ltr'>sopor?</span> 
     </span>
    </p>

    <p class='ocr_par' dir='ltr' id='par_1_17' title="bbox 275 2767 977 2846">
     <span class='ocr_line' id='line_1_27' title="bbox 275 2767 977 2846; baseline -0.003 -18"><span class='ocrx_word' id='word_1_174' title='bbox 275 2768 370 2828; x_wconf 90' lang='lat' dir='ltr'>Brevi</span> <span class='ocrx_word' id='word_1_175' title='bbox 391 2768 444 2826; x_wconf 94' lang='lat' dir='ltr'>ille</span> <span class='ocrx_word' id='word_1_176' title='bbox 467 2768 547 2826; x_wconf 89' lang='lat' dir='ltr'>dicto</span> <span class='ocrx_word' id='word_1_177' title='bbox 569 2767 748 2844; x_wconf 87' lang='lat' dir='ltr'>insequitur,</span> <span class='ocrx_word' id='word_1_178' title='bbox 772 2776 804 2824; x_wconf 84' lang='lat' dir='ltr'>ut</span> <span class='ocrx_word' id='word_1_179' title='bbox 823 2767 977 2846; x_wconf 80' lang='lat' dir='ltr'>vulgario:</span> 
     </span>
    </p>

    <p class='ocr_par' dir='ltr' id='par_1_18' title="bbox 274 2853 997 2927">
     <span class='ocr_line' id='line_1_28' title="bbox 274 2853 997 2927; baseline -0.004 -15"><span class='ocrx_word' id='word_1_180' title='bbox 274 2854 397 2927; x_wconf 91' lang='lat' dir='ltr'>Mulier,</span> <span class='ocrx_word' id='word_1_181' title='bbox 420 2853 579 2911; x_wconf 90' lang='lat' dir='ltr'>mulierum</span> <span class='ocrx_word' id='word_1_182' title='bbox 598 2872 743 2913; x_wconf 82' lang='lat' dir='ltr'>orucmen</span> <span class='ocrx_word' id='word_1_183' title='bbox 763 2860 811 2912; x_wconf 89' lang='lat' dir='ltr'>est</span> <span class='ocrx_word' id='word_1_184' title='bbox 833 2853 997 2911; x_wconf 87' lang='lat' dir='ltr'>silentium.</span> 
     </span>
    </p>

    <p class='ocr_par' dir='ltr' id='par_1_19' title="bbox 274 2937 1059 3012">
     <span class='ocr_line' id='line_1_29' title="bbox 274 2937 1059 3012; baseline -0.008 -16"><span class='ocrx_word' id='word_1_185' title='bbox 274 2939 429 2997; x_wconf 87' lang='lat' dir='ltr'>Perculsit</span> <span class='ocrx_word' id='word_1_186' title='bbox 447 2939 598 2996; x_wconf 83' lang='lat' dir='ltr'>animum:</span> <span class='ocrx_word' id='word_1_187' title='bbox 623 2938 790 3012; x_wconf 92' lang='lat' dir='ltr'>comprimo</span> <span class='ocrx_word' id='word_1_188' title='bbox 813 2957 876 2996; x_wconf 88' lang='lat' dir='ltr'>me:</span> <span class='ocrx_word' id='word_1_189' title='bbox 900 2938 954 2996; x_wconf 88' lang='lat' dir='ltr'>ille</span> <span class='ocrx_word' id='word_1_190' title='bbox 976 2937 1059 2994; x_wconf 85' lang='lat' dir='ltr'>exiit.</span> 
     </span>
    </p>

    <p class='ocr_par' dir='ltr' id='par_1_20' title="bbox 273 3022 1242 3186">
     <span class='ocr_line' id='line_1_30' title="bbox 274 3022 1242 3097; baseline 0.003 -16"><span class='ocrx_word' id='word_1_191' title='bbox 274 3025 390 3082; x_wconf 89' lang='lat' dir='ltr'>Verum</span> <span class='ocrx_word' id='word_1_192' title='bbox 410 3023 481 3097; x_wconf 91' lang='lat' dir='ltr'>quid</span> <span class='ocrx_word' id='word_1_193' title='bbox 502 3023 665 3081; x_wconf 89' lang='lat' dir='ltr'>intervenit</span> <span class='ocrx_word' id='word_1_194' title='bbox 686 3022 819 3094; x_wconf 90' lang='lat' dir='ltr'>interibi,</span> <span class='ocrx_word' id='word_1_195' title='bbox 843 3023 924 3080; x_wconf 81' lang='lat' dir='ltr'>houd</span> <span class='ocrx_word' id='word_1_196' title='bbox 944 3023 1019 3081; x_wconf 87' lang='lat' dir='ltr'>ecio.</span> <span class='ocrx_word' id='word_1_197' title='bbox 1190 3030 1242 3084; x_wconf 71' lang='lat'>295</span> 
     </span>
     <span class='ocr_line' id='line_1_31' title="bbox 273 3107 1002 3186; baseline -0.005 -18"><span class='ocrx_word' id='word_1_198' title='bbox 273 3108 363 3182; x_wconf 86' lang='lat' dir='ltr'>Post,</span> <span class='ocrx_word' id='word_1_199' title='bbox 387 3108 587 3167; x_wconf 82' lang='lat' dir='ltr'>curvilrontes</span> <span class='ocrx_word' id='word_1_200' title='bbox 607 3107 701 3166; x_wconf 86' lang='lat' dir='ltr'>intrat</span> <span class='ocrx_word' id='word_1_201' title='bbox 720 3114 873 3166; x_wconf 72' lang='lat' dir='ltr'>armenius</span> <span class='ocrx_word' id='word_1_202' title='bbox 896 3125 1002 3186; x_wconf 86' lang='lat' dir='ltr'>agens,</span> 
     </span>
    </p>

    <p class='ocr_par' dir='ltr' id='par_1_21' title="bbox 272 3192 998 3271">
     <span class='ocr_line' id='line_1_32' title="bbox 272 3192 998 3271; baseline -0.008 -17"><span class='ocrx_word' id='word_1_203' title='bbox 272 3195 436 3268; x_wconf 77' lang='lat' dir='ltr'>Metasque</span> <span class='ocrx_word' id='word_1_204' title='bbox 452 3193 597 3271; x_wconf 84' lang='lat' dir='ltr'>pecudes,</span> <span class='ocrx_word' id='word_1_205' title='bbox 620 3200 710 3267; x_wconf 85' lang='lat' dir='ltr'>etque</span> <span class='ocrx_word' id='word_1_206' title='bbox 732 3192 872 3250; x_wconf 83' lang='lat' dir='ltr'>custodes</span> <span class='ocrx_word' id='word_1_207' title='bbox 896 3211 998 3250; x_wconf 80' lang='lat' dir='ltr'>canes.</span> 
     </span>
    </p>

    <p class='ocr_par' dir='ltr' id='par_1_22' title="bbox 274 3277 1030 3355">
     <span class='ocr_line' id='line_1_33' title="bbox 274 3277 1030 3355; baseline -0.008 -17"><span class='ocrx_word' id='word_1_208' title='bbox 274 3278 357 3338; x_wconf 90' lang='lat' dir='ltr'>Hinc</span> <span class='ocrx_word' id='word_1_209' title='bbox 379 3279 479 3355; x_wconf 88' lang='lat' dir='ltr'>capite</span> <span class='ocrx_word' id='word_1_210' title='bbox 501 3285 630 3350; x_wconf 83' lang='lat' dir='ltr'>truncat,</span> <span class='ocrx_word' id='word_1_211' title='bbox 651 3277 721 3336; x_wconf 89' lang='lat' dir='ltr'>inde</span> <span class='ocrx_word' id='word_1_212' title='bbox 739 3277 909 3354; x_wconf 82' lang='lat' dir='ltr'>resupinet,</span> <span class='ocrx_word' id='word_1_213' title='bbox 929 3283 1030 3347; x_wconf 82' lang='lat' dir='ltr'>necet,</span> 
     </span>
    </p>

    <p class='ocr_par' dir='ltr' id='par_1_23' title="bbox 273 3362 1244 3680">
     <span class='ocr_line' id='line_1_34' title="bbox 273 3362 1071 3441; baseline -0.008 -19"><span class='ocrx_word' id='word_1_214' title='bbox 273 3362 455 3441; x_wconf 87' lang='lat' dir='ltr'>Iugulutque</span> <span class='ocrx_word' id='word_1_215' title='bbox 478 3363 637 3438; x_wconf 83' lang='lat' dir='ltr'>quaedam.</span> <span class='ocrx_word' id='word_1_216' title='bbox 660 3364 708 3421; x_wconf 90' lang='lat' dir='ltr'>his</span> <span class='ocrx_word' id='word_1_217' title='bbox 731 3362 912 3438; x_wconf 87' lang='lat' dir='ltr'>compeditis</span> <span class='ocrx_word' id='word_1_218' title='bbox 933 3362 1071 3431; x_wconf 84' lang='lat' dir='ltr'>verbere,</span> 
     </span>
     <span class='ocr_line' id='line_1_35' title="bbox 274 3441 1244 3525; baseline -0.008 -18"><span class='ocrx_word' id='word_1_219' title='bbox 274 3441 437 3525; x_wconf 74' lang='lat' dir='ltr'>Tanquam</span> <span class='ocrx_word' id='word_1_220' title='bbox 456 3449 514 3506; x_wconf 88' lang='lat' dir='ltr'>viri</span> <span class='ocrx_word' id='word_1_221' title='bbox 536 3449 608 3520; x_wconf 89' lang='lat' dir='ltr'>sint,</span> <span class='ocrx_word' id='word_1_222' title='bbox 632 3467 691 3506; x_wconf 93' lang='lat' dir='ltr'>non</span> <span class='ocrx_word' id='word_1_223' title='bbox 713 3466 833 3524; x_wconf 83' lang='lat' dir='ltr'>greges,</span> <span class='ocrx_word' id='word_1_224' title='bbox 857 3466 954 3524; x_wconf 88' lang='lat' dir='ltr'>usque</span> <span class='ocrx_word' id='word_1_225' title='bbox 976 3444 1102 3522; x_wconf 83' lang='lat' dir='ltr'>oggerit.</span> <span class='ocrx_word' id='word_1_226' title='bbox 1190 3460 1244 3514; x_wconf 83' lang='lat'>30⁰</span> 
     </span>
     <span class='ocr_line' id='line_1_36' title="bbox 274 3532 1072 3609; baseline -0.005 -16"><span class='ocrx_word' id='word_1_227' title='bbox 274 3535 362 3593; x_wconf 85' lang='lat' dir='ltr'>Tunc</span> <span class='ocrx_word' id='word_1_228' title='bbox 383 3533 589 3609; x_wconf 90' lang='lat' dir='ltr'>nescioquod</span> <span class='ocrx_word' id='word_1_229' title='bbox 610 3532 729 3605; x_wconf 88' lang='lat' dir='ltr'>exieus,</span> <span class='ocrx_word' id='word_1_230' title='bbox 751 3539 903 3606; x_wconf 89' lang='lat' dir='ltr'>spectrum</span> <span class='ocrx_word' id='word_1_231' title='bbox 925 3539 1072 3607; x_wconf 85' lang='lat' dir='ltr'>appetens</span> 
     </span>
     <span class='ocr_line' id='line_1_37' title="bbox 275 3616 803 3680; baseline -0.015 0"><span class='ocrx_word' id='word_1_232' title='bbox 275 3619 456 3680; x_wconf 79' lang='lat' dir='ltr'>Orationem</span> <span class='ocrx_word' id='word_1_233' title='bbox 477 3619 589 3676; x_wconf 90' lang='lat' dir='ltr'>duriter</span> <span class='ocrx_word' id='word_1_234' title='bbox 609 3617 698 3676; x_wconf 90' lang='lat' dir='ltr'>dictis</span> <span class='ocrx_word' id='word_1_235' title='bbox 720 3616 803 3674; x_wconf 91' lang='lat' dir='ltr'>dedit</span> 
     </span>
    </p>
   </div>
   <div class='ocr_carea' id='block_1_3' title="bbox 272 3671 1093 3782">
    <p class='ocr_par' dir='ltr' id='par_1_24' title="bbox 272 3671 1093 3782">
     <span class='ocr_line' id='line_1_38' title="bbox 272 3671 1093 3782; baseline -0.007 -20"><span class='ocrx_word' id='word_1_236' title='bbox 272 3705 320 3763; x_wconf 91' lang='lat' dir='ltr'>In·</span> <span class='ocrx_word' id='word_1_237' title='bbox 333 3703 491 3782; x_wconf 87' lang='lat' dir='ltr'>Ulyssem,</span> <span class='ocrx_word' id='word_1_238' title='bbox 513 3702 648 3776; x_wconf 82' lang='lat' dir='ltr'>Atrides,</span> <span class='ocrx_word' id='word_1_239' title='bbox 670 3720 830 3780; x_wconf 77' lang='lat' dir='ltr'>perperam</span> <span class='ocrx_word' id='word_1_240' title='bbox 854 3709 884 3760; x_wconf 91' lang='lat' dir='ltr'>et</span> <span class='ocrx_word' id='word_1_241' title='bbox 907 3671 1093 3771; x_wconf 76' lang='lat' dir='ltr'>ioculariter,</span> 
     </span>
    </p>
   </div>
   <div class='ocr_carea' id='block_1_4' title="bbox 0 0 1535 4492">
    <p class='ocr_par' dir='ltr' id='par_1_25' title="bbox 0 0 1535 4492">
     <span class='ocr_line' id='line_1_39' title="bbox 0 0 1535 4492; baseline 0 0"><span class='ocrx_word' id='word_1_242' title='bbox 0 0 1535 4492; x_wconf 95' lang='lat' dir='ltr'> </span> 
     </span>
    </p>
   </div>
  </div>
 </body>
</html>
