3059 4492
741 469 892 562 332—
999 470 1001 473 ,

357 638 517 712 Vecordis,
536 637 702 697 incesseris
727 638 817 696 etiam
840 636 965 694 exerciti

356 725 493 784 Fratrem
516 731 654 785 vocaret:
674 722 718 782 nil
739 730 843 780 vetare
864 741 924 795 quo
946 721 1045 781 minus

359 809 507 870 saxorum
529 809 644 866 acervis
668 809 794 867 obrutus
817 815 943 864 mortem
964 816 1097 884 oppetat.

357 895 462 968 quue
483 912 533 952 res
553 893 666 951 rediret
686 901 719 950 ut
740 892 861 968 gladios
883 892 947 951 suis

290 975 342 1028 73⁰
359 979 479 1056 Vagina
502 981 617 1037 eburna
637 978 803 1036 liberarent
824 976 968 1034 dexteris.

360 1062 422 1124 Sed
443 1066 537 1122 verbo
561 1063 658 1122 amico
681 1062 821 1139 reprimit
839 1061 973 1138 gliscens
995 1061 1109 1120 malum

360 1147 473 1209 Senum
497 1168 592 1226 senex
617 1156 715 1206 aetate
736 1146 1003 1223 provectissnmus.

359 1233 450 1292 Nunc
468 1253 539 1292 vero
561 1233 613 1291 ubi
637 1233 717 1290 Aiax
738 1241 796 1305 est,
828 1238 861 1289 ut
879 1231 926 1289 illi
944 1231 1020 1288 haec
1038 1231 1191 1291 indicem?

359 1318 502 1377 Dominis
525 1319 680 1396 negotium
703 1337 793 1375 omne
815 1317 950 1394 pandere
969 1317 1100 1392 expedit.

291 1397 342 1452 735
361 1401 416 1462 Oh.
461 1402 535 1462 Non
557 1403 650 1462 estis
675 1403 768 1475 intus,
787 1421 895 1460 rerum
916 1401 1010 1460 abivit
1030 1402 1090 1462 iam
1112 1405 1219 1477 modo,

360 1485 496 1546 Consilia
517 1496 643 1547 nectens
666 1489 802 1546 moribus
821 1487 907 1546 novis
929 1505 1018 1546 nova.

359 1571 460 1630 Nunc.
506 1573 588 1645 Heu,
608 1574 677 1630 heu.

360 1657 421 1733 Qui
441 1657 525 1716 misit
546 1659 637 1716 istam
657 1677 706 1715 me
727 1659 818 1730 viam,
839 1665 890 1714 aut
906 1676 956 1714 me
976 1675 1043 1714 eam
1066 1657 1146 1714 viam

359 1742 460 1801 Tarde
482 1742 527 1800 illi
546 1743 639 1816 misit,
663 1750 714 1800 aut
735 1762 791 1820 ego
815 1742 920 1800 tardus
939 1741 994 1800 fui.
1357 1808 1358 1811 Ἴ

290 1827 342 1881 740
360 1825 416 1886 Oh.
457 1825 536 1900 Quid
560 1837 606 1886 est
629 1828 708 1903 quod
729 1829 787 1886 hac
799 1828 832 1886 in
844 1847 877 1884 re
892 1827 1101 1902 exequendum
1114 1828 1275 1888 omiseris?
1357 1840 1358 1901 l

358 1911 458 1970 Nunc.
499 1913 619 1971 Teucer
640 1915 773 1986 vetabat,
796 1933 834 1971 ne
857 1913 949 1971 domo
972 1913 1053 1970 Aiax
1073 1921 1165 1970 antea

357 1997 459 2072 Prius,
482 2017 571 2073 quam
594 1999 719 2058 adesset
739 2000 818 2077 ipse,
841 1997 975 2075 prodiret
991 1997 1086 2057 foras.

359 2080 414 2141 ch.
460 2081 612 2158 Sequutus
635 2093 683 2142 est
703 2085 838 2142 meliora.
861 2091 971 2159 nempe
994 2082 1147 2142 maxumis

357 2167 470 2225 Pacem
491 2168 628 2227 Deorum
649 2169 791 2246 precibus
817 2186 987 2243 exposcens
1008 2170 1105 2228 abest.

290 2254 341 2310 745
359 2251 458 2311 Nunc.
500 2253 588 2313 Haec
606 2255 699 2312 verba
719 2255 812 2333 plane
832 2253 924 2329 plena
945 2261 1016 2312 sunt
1036 2252 1220 2323 dementiae,

357 2338 398 2398 Et
418 2338 522 2411 stulta,
544 2339 571 2398 si
589 2339 661 2414 quid
680 2358 833 2418 augurans
847 2337 976 2396 Calchas
1000 2339 1089 2413 sapit.

359 2421 414 2482 Oh.
460 2421 576 2496 Quibus
599 2424 659 2482 ista
680 2426 800 2483 tandem
823 2424 919 2482 fretus
938 2423 1058 2482 indiciis
1081 2422 1149 2482 ais?

357 2506 457 2565 Nunc.
502 2510 568 2586 Ego
588 2519 744 2587 superstes
767 2509 851 2582 affui,
873 2517 963 2583 atque
982 2509 1115 2568 interfui.

357 2590 497 2667 Namque
520 2613 537 2652 e
563 2613 685 2667 corona,
709 2604 739 2653 et
758 2595 851 2672 regiis
874 2593 1001 2652 comitiis

289 2674 491 2736 roccolenus
511 2681 655 2756 resurgit:
680 2699 816 2738 seorsum
839 2679 1112 2742 Atridasldeserit:

358 2761 507 2820 Teucrum
527 2764 705 2839 prehendit:
730 2765 887 2842 copulatur
909 2764 1069 2824 dexteras:

356 2847 443 2904 Infit:
466 2857 622 2907 recenset:
642 2851 766 2908 mandat
785 2850 924 2908 omnibus
949 2851 1060 2922 modis,

356 2932 481 2990 Aiacem
501 2941 534 2990 ut
553 2934 641 2992 hodie
666 2935 771 2993 scdulo
792 2935 953 2992 coercitum

356 3017 443 3076 Intus
466 3024 594 3092 teneret,
618 3039 674 3078 nec
695 3021 780 3079 foras
805 3019 972 3077 emitteret:

288 3100 339 3154 755
359 3101 393 3163 Si
413 3102 506 3161 vellet
522 3103 606 3162 illum
629 3106 784 3183 sospitem,
808 3123 843 3161 ac
866 3105 1070 3181 superstitem.

357 3186 490 3264 Nanque
512 3190 600 3262 hanc,
624 3210 722 3266 neque
744 3191 825 3248 ultra
844 3191 903 3265 (sic
923 3190 1010 3247 enim
1024 3185 1174 3267 autumat)
1196 3186 1271 3244 diem

357 3272 447 3330 Illum
469 3274 625 3334 Minervae
646 3276 729 3334 dirus
752 3284 873 3332 exercet
892 3275 986 3334 furor.
1141 3328 1143 3338 ,

357 3357 440 3416 Nam
457 3359 565 3418 molem
588 3361 708 3418 inanem
731 3379 893 3436 corporum
914 3367 1004 3435 atque
1024 3356 1164 3416 inutilem

357 3443 456 3502 Missa
476 3445 565 3503 ruina
587 3446 713 3505 caelitus
734 3447 934 3522 procumbere

287 3528 340 3582 760
355 3527 542 3587 Perhibebat
560 3549 666 3608 augur,
686 3533 713 3590 si
733 3531 802 3605 quis
825 3533 987 3589 humanum
1005 3525 1081 3586 nibil

357 3611 495 3686 Quanvis
516 3624 634 3674 creatus
660 3635 791 3692 corpore
811 3617 955 3687 humano,
980 3613 1070 3690 sapit.

356 3693 419 3757 Sed
439 3697 491 3755 ille
513 3706 543 3756 et
563 3701 637 3759 olim
659 3701 798 3776 primitus
819 3701 909 3759 domo
930 3700 1038 3758 exiens
