3059 4492
710 517 770 576 133

280 683 450 768 Κληματίς.
466 682 574 766 Ἀμμε
590 681 682 763 μύναι
696 706 731 765 γε
749 684 899 746 Λάκαιναι
913 682 1053 765 τίκτομες
1072 679 1197 762 ἄνδρας.
1302 671 1310 685 ’

167 833 169 844 ,
281 767 398 834 Κοῖλον
423 766 522 836 ἔδειξε
542 766 647 834 ποδύς.
670 763 733 829 Καὶ
751 768 895 848 κύντερον
913 765 991 828 άλλο
1010 762 1082 827 ποτ’
1097 761 1196 847 ἔτλης.

281 853 392 938 Κοντηῑ
417 853 515 914 πλεῖν.
538 848 594 918 Εἰς
609 852 663 934 τὴν
685 849 862 936 Πυρραίων,
884 848 963 912 εἴτι
983 848 1077 912 κακύν
1098 871 1145 930 γε.

280 937 443 1024 Κρητίζεις
464 937 540 1018 πρὸς
559 933 677 1018 Κρῆτα.
702 937 803 1004 Δοκδς
823 934 856 998 δ’
880 935 931 997 ἐπὶ
950 937 1026 996 πᾶσι
1046 932 1196 995 τέτυκται.
1274 930 1286 950 ’

167 1093 168 1100 γ
280 1021 377 1108 Κριὸς
395 1020 619 1103 ἀσελγύκερως.
641 1018 683 1083 Ἡ
704 1022 758 1102 μὲν
782 1019 875 1089 κλέος
893 1018 944 1102 ήε,
967 1019 1020 1081 καὶ
1039 1017 1135 1102 ἦσθα.

167 1117 168 1132 ’
280 1104 533 1192 Κρουσιμετρεῖν.
553 1104 646 1167 Ἀλλ’
658 1104 723 1168 ούδἈ
731 1107 759 1168 εἰ
770 1107 844 1190 βοῦς
853 1103 1029 1189 φθέγξαιτο,
1038 1099 1196 1186 πιθοίμην.

167 1221 168 1286 γ
280 1189 486 1274 Κυκλοβόρου
510 1190 609 1272 φωνή.
632 1186 723 1252 Κανὰ
746 1190 861 1273 κέρδεα
882 1187 937 1250 ἶσα
960 1188 1103 1272 βλάβησι.

280 1273 484 1339 Κυκλώπειον
508 1272 642 1358 βλέμμα.
666 1271 869 1346 Κανωπίζειν.
893 1271 1076 1356 Κριύμυξος.

167 1397 168 1424 ι
280 1357 474 1444 Κωφύτερος
492 1359 609 1510 κίγλης.
634 1355 700 1420 Μία
724 1359 831 1440 μάστιξ
851 1359 967 1425 πάντας
989 1355 1122 1419 ἐλαύνει.

167 1437 169 1506 ί
281 1443 377 1508 Λεῖπέ
400 1466 428 1504 τι
448 1443 500 1505 καὶ
537 1443 657 1505 είνοισιν
682 1442 913 1528 ἐπερχομένοις.
937 1442 1032 1504 Λίθον
1052 1441 1146 1524 ἑψεῖς.

281 1529 420 1612 Λέμφος.
439 1524 543 1609 Κῆποι
563 1525 744 1596 Ἀδώνιδος.
764 1526 983 1612 Ἂρχιλύχειος
1003 1524 1141 1607 ἀλώπηξ.

281 1613 413 1679 Λούσεις
432 1613 483 1674 τδν
506 1609 630 1674 Πελίαν.
655 1608 700 1675 Ού
723 1610 833 1695 Μῆδος
852 1617 949 1674 ταῦτα
972 1609 1111 1694 φυλάξει

167 1703 169 1718 ’
281 1698 383 1764 Λυδὸς
406 1694 525 1758 ἔκλεισε
545 1695 653 1780 θύραν.
678 1695 775 1764 Ξένος
794 1695 893 1774 ἔλθοι,
923 1695 1005 1765 ὅστις
1025 1695 1141 1776 ὀνήσει.

167 1973 169 1998 ι
281 1949 455 2032 Μαγνήτων
477 1949 529 2011 καὶ

167 1823 169 1842 .
281 1781 394 1846 Λύδιον
416 1780 511 1863 ἅρμα.
535 1775 595 1842 Τδν
620 1778 699 1842 οἴκοι
720 1781 823 1866 θησαυ
845 1782 879 1844 ὸν
906 1781 1090 1864 διαβάλλεις.

167 1873 169 1932 .
281 1867 496 1950 Λωτοφαγεῖν.
515 1865 638 2011 Ἂμμες
660 1865 695 1970 δὲ
715 1865 791 1928 δέκα
807 1805 929 1971 ῖθύδιοι
953 1863 1029 1926 δέκα
1046 1867 1129 1968 νῦεγ.

282 2033 412 2098 Μᾶλλον
435 2035 452 2096 ὁ
477 1971 726 2117 &pst-affigat&
743 1946 1197 2120 βκυέιέἔίζήζότέθέύμέἔύέρέἔκύς.

282 2117 510 2202 Μανδραγύρην
533 2116 625 2186 ἔπιες.
678 2125 773 2204 τωχηῦ
795 2120 882 2202 φίλοι
905 2116 980 2180 οῦδὲ
997 2119 1116 2198 τοκῆες.

282 2203 399 2270 Μάντις
417 2203 581 2287 ἀρουραία.
606 2203 848 2286 Φιλοτιμύτερος
868 2201 1084 2284 Κλεοφῶντος.

282 2287 450 2372 Μαργίτης.
473 2284 620 2370 Κρονικαὶ
640 2290 746 2370 λήμαι.
768 2288 877 2372 Λημᾷν
899 2284 1094 2352 κολοκύντας.

283 2371 459 2436 Μειλανίων
485 2373 630 2456 σώφρων.
669 2369 814 2452 ”Α[ι]δου’
835 2377 968 2456 πρωκτῷ
989 2370 1189 2453 περιπίπτοις.

282 2453 1198 2541 Μὴπρὸφακήςλοπάδάύξε.Βάκηλος.Χάρμαπυραύστου.

283 2541 335 2624 Μὴ
358 2541 395 2602 σὺ
420 2541 613 2624 μελαμπύγιρ
632 2540 830 2624 περιπίπτοις.
854 2538 1024 2623 Κάρδαμον
1048 2536 1161 2601 ἔσθειν.

284 2624 366 2709 Μήτι
386 2647 422 2705 γε
443 2627 538 2687 καλδν
561 2627 691 2710 ἀδελφῷ
715 2629 781 2687 σοῦ.
810 2623 1043 2706 Μαλακώτερον
1066 2623 1173 2685 ύπνου.

284 2709 336 2793 Μὴ
360 2712 413 2772 τὸν
437 2709 496 2772 ἀπὸ
520 2713 663 2793 γραμμῆς
682 2709 758 2772 κίνει
781 2710 878 2772 λίθον.
900 2708 1022 2792 Ἰσθμὸν
1046 2705 1198 2790 ὀρύσσειν.

284 2793 392 2877 Μηδὲν
414 2792 501 2873 ἄγαν.
522 2793 620 2879 Αύτηῖ
642 2799 687 2877 τῷ
712 2794 825 2878 μέτρῳ.
849 2793 953 2856 Γνῶθι
975 2794 1114 2855 σεαυτὸν.

284 2877 407 2962 Μήλιος
427 2877 611 2962 Ἡρακλέης
629 2877 718 2941 Ἤτοι
739 2880 853 2962 κρίνον,
873 2880 893 2962 ή
917 2877 1114 2959 κολοκύντην.

284 2962 415 3046 Μητέρα
437 2963 485 3024 σοὶ
507 2963 618 3046 ταύτην
642 2964 778 3046 δίδυμαι.
803 2961 951 3044 Πλαταγή
971 2962 1157 3043 δοκιμάσειε.

285 3045 404 3132 Μικρὸς
425 3047 474 3109 ἀεὶ
496 3049 549 3116 σδς
570 3051 684 3114 πῶλος.
705 3046 892 3128 Ἐλεύθεροι
915 3045 998 3127 αίγες
1018 3045 1167 3129 ἀρύτρων.

285 3129 395 3196 Μῦθον
410 3131 481 3216 ύνιρ.
505 3128 657 3217 Ὀλέθρου
673 3133 808 3200 δὀύδεὶς
818 3131 918 3214 λύγος.
939 3129 1199 3211 Ἀντιττελαργεῖν.

284 3214 353 3279 Μῦν
376 3215 501 3302 ἐλέφας.
526 3215 678 3300 Χαμύθεν
699 3217 748 3280 ἵνα
771 3216 901 3321 τέττιγες
922 3216 1071 3278 ἀείδουσι.

285 3298 354 3369 Μῦς
377 3302 496 3368 λευκὸς.
520 3299 623 3369 Νύσος
641 3301 837 3383 Ἡράκλειος.
867 3301 955 3384 Ανὴρ
979 3299 1134 3382 ἐλάφειος.

285 3383 474 3470 Μωρύτερος
491 3384 652 3470 Μορύχου.
677 3385 821 3470 Σκαμβδν
838 3385 927 3455 ξύλον
944 3379 1200 3466 οὐδέποτ’ύρθύν.

285 3469 396 3556 Μωρῷ
411 3471 462 3533 καὶ
476 3471 598 3554 βασιλεῖ
608 3470 704 3554 νύμος
725 3467 875 3555 ἄγραφος.
895 3466 951 3531 Ἐκ
963 3467 1056 3530 πίθου
1071 3467 1200 3536 ἀντλεῖς.

285 3552 405 3638 Νεκρδν
428 3556 590 3637 μαστίζεις.
609 3555 722 3619 Ἀλλοι
742 3556 854 3638 κάμον,
880 3553 972 3617 ἄλλοι
994 3551 1113 3616 ύναντο.

287 3635 452 3724 Νηφοίλιος
473 3640 576 3702 θυσία.
600 3639 717 3703 Θυσίαν
743 3640 773 3702 οἱ
794 3637 914 3722 Κρῆτες
936 3637 1073 3720 ἄγουσιν.

252 3717 255 3733 ’
287 3721 350 3787 Νῦν
376 3726 419 3792 εἰς
439 3726 544 3808 χώραν
566 3724 656 3808 ἦλθε.
680 3722 872 3810 Προβάλλειν
894 3728 959 3791 τοῖς
979 3723 1063 3785 κυσὶν
1085 3721 1190 3804 ἄρνας.
