3059 4492
1394 474 1471 534 81

515 643 652 701 Iam
695 641 963 714 laudum,
1009 649 1071 698 et
1112 661 1313 700 rerum
1356 643 1574 703 melior
1620 652 1678 702 te
1717 645 1986 720 postulat
2025 646 2193 705 ordo.

520 725 625 787 Si'c
670 744 815 803 ego:
862 727 951 784 sic
989 725 1152 783 Diva
1194 729 1311 786 hoc
1354 748 1636 788 sermone
1683 728 1925 788 silentia
1967 731 2144 807 rupit.

604 810 919 888 Principio
961 810 1201 869 Natura
1229 832 1474 888 parens,
1518 833 1702 890 quum
1740 814 1925 872 vellet
1963 816 2028 873 in
2065 835 2187 875 una

520 895 828 973 Congerie
878 896 1156 953 decorum
1204 899 1562 956 commercia
1605 899 1796 956 multa
1839 901 2023 973 coire,

518 985 723 1057 Atque
762 981 1068 1039 hominem
1113 983 1460 1060 exemplum
1509 983 1692 1043 seclis
1735 984 1978 1061 insigne
2017 986 2236 1046 futuris

518 1066 902 1138 Parturiens‚
944 1066 1110 1124 cuius
1154 1068 1267 1125 sub
1306 1077 1548 1144 pectore
1593 1068 1882 1147 conderet⁶
1919 1069 2050 1143 illa,

518 1152 708 1210 Hunc
749 1150 995 1210 humilis
1040 1151 1158 1209 vici
1204 1154 1403 1212 caecis
1450 1153 1659 1231 vagire
1699 1153 1974 1227 latebris,
2080 1165 2087 1169 ’

519 1240 646 1297 Α111
678 1237 963 1313 ignorata
1001 1237 1212 1295 nutriri
1255 1238 1452 1296 noluit
1492 1240 1663 1312 urbe,

524 1320 649 1382 Sed
689 1322 861 1399 regni
906 1322 1171 1396 domina,
1217 1323 1379 1397 quod
1420 1323 1625 1400 regnis
1671 1323 1947 1381 omnibus
1994 1324 2184 1398 orbiS‚

524 1407 829 1467 Omnibus
872 1407 1149 1482 Europae
1193 1407 1511 1485 praecellit
1555 1416 1621 1466 ut
1662 1408 1910 1466 urbibus
1955 1407 2088 1466 illa:

520 1493 610 1553 Ut
652 1510 973 1550 commune
1008 1491 1213 1564 decus,
1259 1493 1584 1567 sociaeque
1629 1493 1897 1570 insignia
1941 1493 2140 1552 laudis

523 1577 683 1636 Tam
721 1577 890 1635 locus
934 1597 971 1634 a
1012 1585 1155 1636 nato
1195 1586 1457 1654 caperet,
1506 1598 1688 1652 quam
1733 1585 1910 1636 natus
1953 1580 2030 1636 ab
2071 1578 2201 1638 illo.

520 1662 865 1739 Regnatrix
908 1662 1108 1720 clarae
1150 1681 1445 1739 generosa
1489 1663 1734 1721 Lutetia
1769 1671 1986 1735 terrae,

492 1748 684 1823 -Quis
732 1766 1070 1805 memorare
1117 1754 1252 1806 tuas
1295 1756 1391 1807 sat
1438 1748 1620 1825 digno
1664 1749 1931 1806 carmine
1977 1748 2146 1807 dotes

522 1837 649 1892 Aut
691 1831 906 1890 laudes
953 1851 1215 1908 aequare
1254 1841 1452 1930 queat,
1497 1853 1653 1908 quae
1697 1833 1903 1891 debita
1933 1834 2128 1892 Musis

526 1918 644 1976 Tot
687 1917 874 1994 pleno
920 1918 1103 1976 toties
1135 1918 1345 1977 fudisti
1388 1918 1640 1995 pignora
1681 1918 1890 1975 foetu?

526 2003 624 2061 Tu
671 2021 953 2079 generas,
999 2003 1103 2078 qui
1151 2003 1286 2060 iura
1328 2013 1567 2080 regunt,
1616 2003 1719 2077 qui
1753 2002 1992 2081 legibus
2036 1965 2219 2059 urbes

523 2089 607 2146 Et
656 2087 885 2147 sanctis
934 2088 1081 2146 recti
1127 2088 1385 2165 populos
1430 2087 1824 2146 moderantur
1866 2085 2141 2144 habenis·

522 2172 669 2232 Non
719 2172 841 2230 alia
883 2173 1053 2230 nasci
1095 2172 1405 2231 Puteanus
1452 2173 1658 2230 debuit
1703 2173 1874 2244 urbe,

523 2265 651 2317 Aut
678 2258 893 2334 potuit,
944 2277 1123 2332 quam
1171 2278 1325 2334 quae
1366 2257 1634 2334 propriis
1680 2257 2000 2320 virtutibus
2043 2254 2217 2313 illum

522 2343 881 2415 Excoleret‚
927 2343 1305 2417 similemque
1353 2344 1480 2402 suis
1525 2343 1819 2400 formaret
1861 2341 2142 2399 alumnis.

522 2429 815 2486 Protinus
866 2427 1107 2486 altrices
1148 2429 1429 2503 linquens
1472 2427 1734 2484 infantia
1779 2444 1966 2487 8111183

523 2513 828 2572 Imbuitur
872 2513 1109 2585 studiis,
1158 2521 1218 2570 et
1262 2514 1457 2589 primo
1505 2513 1672 2584 flore,
1717 2511 1994 2569 Minerva

522 2599 871 2669 Eductrice‚
903 2597 1099 2666 ‚rudes
1145 2598 1452 2675 poliuntur
1495 2597 1753 2655 cultibus
1797 2597 1960 2654 anni.

521 2684 859 2760 Excipiunt
893 2702 1143 2758 puerum
1188 2683 1433 2760 gremiis
1470 2674 1829 2740 florentibus
1886 2684 2086 2740 Artes.

524 2772 690 2830 Ante
730 2787 941 2826 omnes
986 2769 1178 2826 teneri
1223 2769 1607 2826 moderamen
1655 2767 1911 2844 suscipit
1954 2767 2110 2837 aevi,

526 2853 701 2926 Quae
749 2853 947 2925 docet,
989 2861 1055 2910 ut
1092 2855 1289 2930 primo
1333 2853 1630 2911 formetur
1674 2853 1851 2909 litera
1895 2852 2096 2923 ductu,

523 2939 614 2999 Ut
657 2939 982 2999 commissa
1025 2938 1151 2998 suis
1198 2946 1470 2996 nectatur
1509 2937 1750 3012 syllaba
1794 2937 1994 2995 nodis:

524 3027 729 3099 Atque
774 3043 887 3100 per
928 3024 1215 3082 articulos
1262 3024 1664 3096 distinctaque
1706 3023 1978 3080 membra
2020 3017 2260 3096 legendi

521 3109 810 3168 Daedala
844 3117 1200 3186 perpetuam
1241 3116 1414 3166 texat
1454 3115 1755 3166 structura
1795 3106 2122 3180 loquelam:

523 3194 731 3268 thue
775 3193 902 3252 suis
944 3193 1202 3270 pedibus
1248 3193 1588 3270 gradientia
1633 3191 1900 3249 carmina
1942 3194 2206 3265 surgant.

524 3279 693 3338 Huic
740 3298 920 3338 soror
962 3298 1267 3337 exacuens
1313 3279 1535 3343 studiis·
1580 3277 1826 3336 solertia
1873 3275 2077 3346 corda,

522 3365 610 3423 Et
655 3365 867 3423 stricto
910 3364 1140 3422 vultum
1186 3381 1554 3439 componens
1598 3361 1870 3439 pondere
1908 3358 2109 3418 vultus

527 3449 817 3510 Succedit
858 3447 1100 3522 Critice‚
1144 3449 1319 3526 pueri
1364 3467 1518 3522 quae
1573 3446 1857 3506 sensibus
1900 3461 2081 3502 omne

526 3533 872 3612 Cecropiae
914 3543 973 3592 et
1010 3534 1227 3592 Latiae
1271 3541 1506 3591 reserat
1547 3529 1862 3608 penetrale
1906 3536 2209 3596 3811881118,

527 3620 839 3696 Quicquid
882 3620 1045 3696 apud
1091 3637 1401 3690 numerOS,
1449 3615 1716 3674 numeris
1761 3623 1864 3672 aut
1902 3633 2042 3675 orsa
2081 3615 2281 3672 soluta

523 3705 819 3764 Venturis
868 3705 1051 3765 seclis
1098 3703 1598 3764 commendavere
1636 3700 1876 3777 papyri.

1915 3799 1954 3858 6
