3059 4492
685 471 725 531 93

292 639 391 714 Quam
411 639 496 698 duae
515 639 635 698 titulum
654 641 761 700 mortis
783 641 895 698 habere
911 641 1019 718 potes?

252 726 329 800 Quid
350 726 406 783 tibi
427 744 495 782 cum
515 725 597 784 claro
622 733 669 784 est
690 726 786 784 radiis
809 725 989 802 Hyperione
1011 728 1132 789 cincto?

291 810 399 870 Redde
419 811 485 868 orbi
506 809 655 868 Dausam.
684 811 730 870 sol
751 818 816 868 erat
836 810 888 868 ille
910 819 988 871 tuus.

253 896 313 958 Sed
335 895 408 970 quid
425 913 504 953 vana
525 895 658 970 queror?
680 896 750 954 dum
774 913 860 954 mens
884 896 980 954 evicta
1000 897 1107 958 dolore

292 982 396 1040 Verba
413 980 484 1038 iacit
506 980 606 1038 surdis
630 979 797 1056 diripienda
820 979 930 1039 Notis?

254 1066 340 1142 Quod
360 1067 431 1136 fleo,
450 1085 513 1122 non
533 1064 679 1138 lacrimis,
698 1085 761 1124 non
783 1074 829 1123 est
842 1067 1013 1126 revocabile
1034 1075 1153 1144 questu.

292 1151 430 1208 Iacturae
452 1157 552 1207 tanae
575 1169 634 1208 non
658 1151 738 1227 capit
758 1151 803 1208 ira
824 1151 955 1210 modum.

252 1237 325 1295 Flos
348 1234 499 1293 hominum
521 1254 598 1310 quae
621 1243 651 1292 te
673 1236 772 1294 nostri
793 1236 937 1295 feralibus
959 1237 1026 1296 aevi

293 1320 451 1378 Infensum
475 1319 554 1378 vitiis
578 1320 664 1378 ocior
681 1340 754 1377 aura
773 1319 874 1395 rapit?

253 1405 318 1465 Nec
340 1405 396 1463 tibi
415 1404 563 1476 concessi,
586 1405 706 1464 modico
726 1423 800 1480 quos
821 1404 918 1463 limite
936 1406 1013 1466 fines

294 1490 458 1567 Temporis
479 1490 602 1546 humani
621 1491 702 1548 iusta
724 1498 847 1548 senecta
868 1490 954 1566 petit.

254 1575 314 1637 Sed
336 1576 454 1633 medius
477 1575 612 1636 moriens
634 1575 713 1633 inter
733 1575 933 1650 iuvenemque
950 1595 1113 1655 senemque

292 1659 361 1718 Nec
383 1659 486 1717 iuveni
507 1659 642 1736 propior,
669 1659 856 1736 posteriorve
878 1679 963 1734 sene,

252 1745 324 1805 Non
345 1751 520 1820 exspectata
541 1744 650 1802 hiemis
669 1745 801 1803 statione
822 1739 951 1818 recedis,

292 1835 448 1890 Autumno
469 1829 548 1887 vitae
567 1837 780 1906 praetereunte
802 1836 881 1888 tuae.

253 1918 299 1976 Ah
318 1935 371 1974 cur
393 1935 452 1972 non
473 1933 572 1974 annos
595 1914 717 1972 totidem
738 1915 794 1972 tibi
817 1915 925 1973 sistere
944 1933 1080 1991 possum,

294 2001 378 2075 Quot
399 2019 517 2059 mamm
540 1999 647 2058 merito
664 2001 767 2058 vivere
787 1999 895 2076 dignus
919 2016 1003 2058 eras:

252 2088 293 2148 Ut
315 2085 424 2146 saltem
447 2085 586 2144 humanis
608 2105 671 2144 non
692 2093 752 2144 tam
778 2085 835 2142 cito
858 2085 947 2142 rebus
971 2083 1130 2162 ademptus

294 2171 422 2245 Hospes
443 2169 475 2226 in
496 2169 613 2246 Elysiis
634 2171 763 2230 vallibus
787 2170 893 2227 umbra
914 2169 1020 2228 fores?

253 2255 314 2318 Sed
335 2254 410 2329 quia
426 2254 578 2312 lanificam
599 2255 707 2332 rigidis
730 2262 811 2313 vetat
834 2254 908 2312 ordo
932 2272 1065 2314 sororum

292 2339 441 2417 Legibus,
464 2347 494 2397 et
512 2339 585 2398 dura
606 2348 687 2398 stant
708 2340 866 2397 adamante
889 2357 985 2413 serae,

253 2425 345 2502 Quod
367 2442 505 2500 possum,
527 2425 618 2483 facio:
641 2425 823 2503 singultibus
847 2442 917 2481 aera
940 2425 1062 2498 nudum,

291 2514 394 2586 Atque
413 2508 587 2584 interruptis
610 2510 711 2568 sidera
729 2509 821 2586 pulso
842 2509 942 2568 sonis:

250 2596 291 2656 Ut
313 2597 342 2655 si
361 2615 425 2653 nou
445 2594 527 2652 aliud
548 2613 635 2653 verso
655 2613 762 2670 querar
787 2593 893 2653 ordine
914 2611 1014 2652 rerum

290 2684 374 2740 Ante
397 2679 477 2737 diem
500 2680 580 2737 vitae
601 2698 700 2756 pensa
720 2687 838 2739 resecta
860 2688 940 2751 tuae,

249 2768 351 2841 Atque
370 2783 469 2824 annos
490 2783 697 2840 quoscumque
718 2766 774 2822 tibi
797 2772 868 2841 post
888 2772 973 2840 targa
993 2764 1136 2840 relinquit

292 2851 368 2910 Non
389 2857 567 2925 exspectato
590 2851 651 2908 fine
672 2859 792 2926 peracta
815 2850 889 2908 dies.

250 2936 444 3012 Alloquimur
468 2933 614 3010 Superos.
636 2936 756 3013 tepidae
780 2954 835 2994 sua
856 2935 948 2992 verba
970 2941 1145 3010 sequuntur,

293 3022 391 3096 Inque
414 3020 478 3079 suis
500 3020 643 3078 lacrimae
666 3021 823 3096 questibus
843 3039 897 3078 ora
917 3019 1026 3097 rigant.

249 3105 319 3165 Nec
341 3107 448 3164 flemus
472 3106 582 3164 surdis.
602 3106 792 3183 respondent
813 3106 933 3164 fletibus
958 3121 1074 3175 amnes,

295 3190 381 3265 Quos
403 3210 467 3250 non
492 3191 621 3268 exiguos
644 3191 858 3250 terraBatava
878 3189 963 3260 bibit,

250 3276 370 3349 Renus,
393 3276 475 3333 etin
494 3275 573 3333 Reni
591 3277 756 3335 moriturus
779 3277 864 3334 Mosa
887 3273 1014 3344 lacunis,

294 3363 337 3420 Et
355 3361 458 3438 magni
482 3359 564 3418 Reni
581 3362 680 3436 portio
701 3379 810 3438 magna
832 3358 937 3418 Vahal.

251 3447 326 3523 lpse
346 3446 436 3504 etiam
457 3445 590 3505 lacrimis
605 3462 691 3504 ‘nunc
714 3444 912 3504 auxiliaribus
934 3447 1037 3498 anetus

295 3532 437 3590 Infrenes
458 3531 541 3588 nullo
562 3532 697 3608 margine
718 3531 785 3589 finit
806 3546 910 3602 aquas,

252 3615 492 3692 Priscorumque
512 3617 608 3674 larum
629 3617 720 3675 funus
741 3613 855 3692 gentile
878 3610 1038 3689 professus

298 3702 429 3762 Insolito
448 3702 531 3779 ripas
555 3700 693 3760 Dousius
717 3719 805 3760 amne
826 3697 944 3774 premit.
