3059 4492
746 519 896 614 ’ffli-

364 685 436 767 sat
643 681 685 746 ‘H
707 689 803 766 γραῦς
824 685 844 765 ἡ
868 680 1007 768 Βάκχου.

361 771 518 830 Pernicies
540 771 667 832 calicum
686 771 809 846 Baucis,
833 772 903 830 (ium
925 772 1005 831 forte
1028 771 1141 832 iaceret

404 859 517 934 Aegra,
534 856 602 916 Iovi
620 856 698 916 tales
721 857 853 934 concipit
872 876 925 915 ore
945 875 1070 934 precesz

363 940 398 1003 Si
420 942 519 1000 morbi
541 942 615 999 dura
637 943 712 1000 haec
733 941 876 1000 incendia
895 942 1014 1019 fugero,
1036 950 1155 1000 centum

405 1024 496 1087 Soles
521 1027 559 1084 de
580 1046 655 1103 puro
673 1045 736 1086 non
755 1027 817 1085 nisi
837 1027 924 1085 fonte
944 1027 1047 1086 bibam

361 1111 483 1185 Sobria,
503 1117 676 1187 temetoque
698 1130 816 1170 carens.
842 1118 916 1187 post
935 1111 1042 1170 functa
1060 1111 1176 1188 periclo

404 1197 487 1256 Luce
508 1196 563 1254 illa
582 1196 637 1256 tali
658 1197 772 1274 cogitat
792 1204 857 1254 arte
879 1195 996 1254 dolum:

362 1280 449 1355 Quod
472 1289 574 1340 versat
593 1281 744 1354 manibus,
775 1300 832 1357 per
853 1281 958 1338 erebra
973 1280 1125 1338 foramina
1145 1281 1275 1340 cribrum

403 1366 542 1443 Inspicit,
565 1375 595 1424 et
613 1366 697 1425 soles
719 1365 831 1424 callida
848 1365 932 1424 mille
952 1365 1042 1424 videt.

364 1531 435 1615 ptr
584 1528 718 1592 Ἧθελον
743 1529 780 1592 οὐ
803 1528 918 1614 χρυσόν
937 1551 970 1591 τε
991 1530 1052 1593 καὶ.

363 1617 504 1694 Optarinr
526 1617 601 1676 mihi
621 1637 683 1676 non
703 1637 820 1691 aurum,
839 1637 899 1675 non
921 1617 1034 1694 oppida
1052 1625 1163 1692 terrae,

404 1700 475 1760 Non
494 1721 570 1777 quas
592 1701 765 1761 Thebarum
789 1704 881 1761 iactat
903 1702 1054 1761 Homerus
1076 1722 1170 1780 opes:

361 1787 475 1846 Verum
494 1795 528 1846 ut
548 1787 640 1865 plena
658 1807 741 1846 mero
765 1795 907 1865 spument
926 1788 1001 1845 mihi
1017 1789 1130 1864 pocula
1140 1789 1275 1862 Baccho,

405 1869 589 1945 Summaque
606 1881 772 1950 perpetuus
791 1872 915 1950 proluat
933 1892 987 1930 ora
1010 1873 1110 1932 latex:

363 1956 492 2034 Semper
513 1958 678 2015 amicorum
696 1959 808 2016 circum
830 1965 957 2034 potante
983 1976 1105 2031 corona,

404 2042 444 2102 Et
465 2042 557 2100 vitem
579 2042 730 2120 agricolae
751 2042 830 2100 falce
852 2055 1008 2118 premente
1030 2042 1138 2101 colant.
1363 2010 1364 2089 i

363 2126 459 2200 Haec,
484 2144 560 2204 quas
583 2135 694 2201 sector,
718 2147 811 2204 opum
833 2136 904 2186 sunt
925 2136 1112 2204 argumenta.
1133 2126 1237 2186 valete

404 2211 531 2286 Fasces,
552 2231 620 2270 oum
642 2222 730 2272 teneo
751 2212 860 2290 pocula
881 2212 975 2290 plena
995 2232 1095 2271 manu.

363 2399 381 2456 γ
396 2380 410 2438 1
627 2376 821 2462 Σωφροσύνη
843 2377 1021 2462 προφέρων.

363 2465 484 2524 Iustitia
505 2473 575 2523 ante
597 2484 702 2524 omnes
724 2465 930 2543 praestantior
950 2473 1040 2542 atque
1060 2465 1175 2542 pudore

314 2622 317 2628 ι
406 2549 484 2608 Dius
506 2550 674 2610 Aristocles
701 2552 758 2610 hac
774 2552 938 2628 requiescit
958 2552 1061 2609 humo.

365 2633 399 2695 si
421 2636 469 2693 cui
492 2653 584 2710 supra
604 2636 683 2694 alios
707 2655 848 2713 magnum
870 2636 1020 2712 sapientia
1036 2654 1149 2694 nomen

401 2719 506 2792 ¹Fecit:
527 2721 626 2779 maius
647 2721 748 2794 habet,
769 2740 825 2778 nec
847 2740 946 2780 comes
967 2720 1081 2780 invidia
1102 2729 1159 2779 est.

362 2885 410 2963 γ9
621 2883 739 2969 ”Apris
761 2884 837 2968 μηδ)
861 2886 1011 2968 ἐγένοντο.

364 2971 391 3046 Ο
415 2971 443 3030 si
464 2989 521 3029 noe
542 2971 640 3044 tedae,
664 2992 719 3030 nec
741 2971 813 3032 lecti
832 2975 900 3033 inra
919 2976 1061 3046 fuissent,

404 3054 499 3114 Nulla
515 3057 668 3134 puerperii
688 3058 750 3116 tela
771 3061 929 3118 tremenda
949 3060 1060 3117 forent.
1361 3048 1362 3127 i

361 3139 453 3202 Nune
473 3143 568 3216 sedet,
593 3150 623 3200 et
642 3142 744 3202 lentos
767 3153 910 3222 expectat
930 3144 1061 3202 foemina
1081 3151 1201 3219 partus,

403 3229 462 3286 Ast
482 3227 554 3284 duro
575 3228 747 3287 exanimum
771 3238 875 3288 ventre
892 3239 1024 3288 moratur
1047 3246 1135 3287 onus.

361 3311 428 3370 Iam
449 3319 510 3370 tres
535 3313 742 3390 circumagens
769 3316 859 3374 orbes
878 3315 932 3372 lux
948 3313 1092 3391 explieat,
1113 3332 1152 3371 ex
1173 3330 1233 3388 quo

403 3397 577 3456 Frustratur
595 3416 725 3458 nascens
746 3398 833 3457 irrita
854 3409 927 3459 sota
949 3418 1033 3477 puer.

362 3478 410 3541 Sit
429 3481 497 3554 tibi,
519 3483 609 3540 chare
630 3484 743 3560 puelle,
765 3484 843 3544 levis
864 3505 927 3544 non
946 3493 1037 3556 terra,
1060 3481 1117 3541 sed
1135 3480 1234 3539 alvus.

405 3564 451 3622 Te
476 3567 586 3642 premit
606 3568 691 3642 haec,
712 3576 794 3627 terra
816 3578 864 3630 est
885 3588 941 3628 nec
964 3566 1123 3629 subeunda
1144 3565 1209 3624 tibi.

1359 3700 1360 3725 i
