3059 4492
1381 431 1463 492 79

508 604 591 661 At
632 599 1026 675 quodcunque
1065 598 1201 670 fuit,
1243 602 1298 660 si
1339 603 1500 676 quod
1544 601 1676 676 fuit,
1713 621 1894 660 omne
1933 600 2164 660 doloris

512 685 810 748 Sordibus
856 683 1147 756 obsoluit,
1190 704 1386 760 neque
1428 687 1551 746 iam
1595 685 2022 762 splendescere
2063 686 2226 744 cultu
2335 731 2342 737 .

514 770 787 832 Sustinet
828 768 1162 846 ingenium,
1209 770 1432 847 duplici
1474 772 1639 846 quod
1688 771 1898 829 funere
1937 771 2166 830 sensim

510 855 730 916 Efferri
768 853 1103 913 sentimus:
1150 855 1338 914 hebes
1378 875 1519 914 nam
1560 856 1822 914 luctibus
1869 856 2011 914 hinc
2053 865 2167 929 est,

510 941 671 1000 Hinc
718 939 917 1014 ipsum
962 938 1208 1014 frangit,
1252 959 1407 1014 quae
1446 942 1674 1019 frangit
1700 947 1932 1013 cuncta,
1980 950 2291 1001 senectus:

511 1026 593 1086 Ut
634 1023 943 1100 quondam
990 1023 1162 1083 senio
1209 1025 1422 1084 rimam
1468 1027 1732 1084 faciente
1778 1025 2036 1084 dehiscit

512 1111 641 1169 Iam
690 1109 887 1186 putris
929 1107 1163 1183 paries:
1212 1111 1460 1187 proprio
1504 1130 1653 1170 mox
1692 1110 1962 1189 pondere
2003 1115 2258 1169 tractum

511 1196 585 1254 In
626 1193 1000 1270 proclinatas
1045 1202 1435 1268 prosternunt
1475 1197 1723 1254 flamina
1764 1203 1991 1272 partes.

518 1279 767 1340 Scilicet
816 1277 1109 1353 exequias
1154 1287 1358 1339 vestro
1405 1281 1493 1339 sic
1535 1282 1626 1339 ire
1665 1280 1900 1356 parenti

514 1366 650 1423 Hac
694 1382 811 1441 ope
856 1362 1143 1436 nitentes,
1191 1366 1304 1422 hac
1348 1366 1544 1426 cultos
1592 1373 1792 1423 mente
1834 1363 2106 1422 iubetis?

512 1449 795 1523 Namque
842 1467 919 1504 ex
962 1465 1076 1521 quo
1119 1450 1228 1508 tali
1275 1469 1379 1508 vos
1430 1453 1612 1509 orbos
1656 1458 1827 1526 patre
1865 1449 2112 1522 reliquit

518 1534 717 1612 Nigra
760 1533 921 1604 dies,
965 1535 1126 1610 turpi
1166 1535 1403 1592 macula
1446 1555 1600 1610 quae
1647 1535 1812 1594 secla
1853 1541 2067 1592 notare

513 1619 657 1678 Non
700 1617 895 1676 verita
937 1626 1051 1690 est,
1104 1627 1275 1680 tanto
1325 1620 1465 1678 dum
1508 1621 1707 1696 privat
1751 1619 1949 1678 sidere
1989 1618 2296 1691 mundum,

514 1707 615 1764 Ex
655 1705 769 1760 hoc
808 1701 977 1759 nulla
1018 1703 1166 1761 mihi
1201 1705 1542 1763 diffundunt
1577 1706 1798 1783 gaudia
1836 1704 2099 1762 vultum:

514 1791 595 1850 Et
637 1807 794 1863 quae
839 1794 983 1846 sunt
1022 1790 1235 1847 solitae
1276 1789 1457 1868 vulgo
1502 1790 1696 1849 lenire
1737 1790 2003 1848 dolorem

514 1874 632 1934 Vel
670 1873 847 1944 ratio,
896 1872 994 1929 vel
1029 1873 1220 1952 longa
1268 1874 1422 1950 dies,
1462 1876 1677 1933 harum
1721 1874 1914 1933 altera
1957 1880 2161 1931 tantae

514 1961 795 2019 Iacturae
837 1958 1117 2016 meritum
1163 1961 1349 2018 menti
1394 1961 1631 2020 obiicit:
1678 1960 1868 2017 altera
1903 1959 2088 2034 longo

518 2042 809 2104 Carnifici
855 2060 1033 2100 curae
1064 2045 1225 2105 vires
1264 2047 1519 2120 acquirit
1561 2047 1636 2103 ab
1677 2064 1852 2102 aevo.

516 2130 753 2191 Ultima
795 2129 1107 2191 restabant
1149 2131 1349 2188 animo
1393 2132 1617 2190 solatia
1658 2131 1840 2201 vict0,

516 2214 689 2288 Quas
739 2231 778 2270 a
820 2231 917 2269 me
962 2214 1229 2292 exigitis,
1272 2234 1467 2290 neque
1511 2235 1609 2274 me
1657 2215 1877 2272 debere
1921 2212 2173 2283 fatebor,

515 2300 750 2359 Dulces
788 2296 1085 2373 Pierides,
1131 2319 1467 2378 generosae
1510 2301 1738 2378 pabula
1780 2298 2008 2374 mentis·

518 2383 827 2455 Suavibus
866 2383 930 2440 in
970 2384 1186 2444 studiis
1230 2385 1559 2446 Heliconia
1600 2405 1775 2445 sacra
1816 2382 2096 2442 colentis:

518 2469 658 2544 Qua
705 2487 831 2525 non
872 2477 965 2529 est
1001 2470 1199 2528 animo
1240 2472 1437 2546 potior
1476 2472 1777 2530 medicina
1817 2467 2091 2540 tumenti,

519 2554 725 2629 Quum
770 2552 941 2610 dolor
980 2555 1241 2632 egeritur
1282 2556 1571 2629 lacrimis,
1621 2555 2044 2632 explendaque
2092 2552 2235 2610 fletu

520 2640 689 2701 Cura
731 2637 900 2696 novis
934 2638 1043 2698 iris
1089 2659 1301 2700 omnes
1348 2642 1602 2700 effundit
1639 2643 1932 2699 habenas.

521 2725 650 2788 Sed
692 2741 809 2782 nos
852 2724 1165 2784 Musarum
1210 2735 1508 2786 secretum
1550 2727 1720 2786 triste
1771 2733 2045 2801 petentes

518 2807 757 2870 Nescio
804 2809 937 2882 quis
975 2830 1201 2886 pravae
1244 2811 1578 2872 dulcedinis
1619 2811 1832 2870 efferat
1873 2829 2058 2882 error,

518 2892 820 2958 Absentis
863 2913 1165 2956 memores
1212 2892 1403 2973 figens
1444 2899 1507 2955 in
1553 2897 1816 2974 imagine
1856 2912 2109 2954 sensusz

524 2980 651 3057 Qui
690 2979 829 3036 dum
874 2981 1184 3055 praeteriti
1226 2983 1533 3042 convictus
1579 2988 1883 3059 computat
1923 2979 2078 3051 aevi,

519 3069 728 3141 Atque
772 3064 891 3123 sibi
939 3066 1247 3126 blanditus
1293 3067 1355 3125 in
1399 3068 1562 3126 omni
1602 3067 1838 3143 quaerit
1879 3065 2137 3123 amicum

523 3149 845 3210 Historiae
884 3151 1145 3229 cumulo,
1188 3153 1305 3210 heu
1345 3154 1582 3228 quoties
1628 3154 1861 3211 obiecta
1902 3147 2109 3226 figuris

440 3261 470 3279 ·-
520 3237 710 3296 Lusit
750 3235 1111 3295 amabilibus
1156 3257 1459 3307 memores
1504 3239 1747 3299 insania
1791 3233 2049 3295 sensus?

520 3322 693 3383 Nam
730 3340 1080 3401 quocunque
1125 3342 1295 3381 meos
1340 3324 1662 3382 circunfert
1701 3322 1878 3380 lectio
1919 3319 2109 3383 visum,

507 3407 656 3470 Seu
697 3425 874 3481 quem
916 3407 1186 3467 iustitiae
1226 3408 1416 3483 dotes,
1462 3417 1564 3467 aut
1609 3408 1803 3486 gratia
1840 3423 2097 3468 morum,

520 3497 653 3554 Aut
696 3492 846 3551 iuris
892 3494 1275 3551 commendat
1317 3514 1499 3571 apex,
1541 3502 1644 3552 aut
1684 3491 1880 3570 gloria
1918 3489 2181 3564 linguans,

520 3578 761 3639 Unicus
807 3580 1067 3637 occurrit
1109 3579 1286 3639 nobis
1326 3580 1638 3638 Puteanus
1685 3579 1747 3634 in
1786 3575 1910 3633 illis

521 3663 849 3741 Exemplis
900 3663 1212 3724 decorum:
1259 3667 1401 3742 quia
1438 3683 1614 3740 quem
1659 3669 1954 3740 congesta
2001 3663 2249 3720 deiciebat
