3059 4492
697 490 734 551 91

232 658 340 737 -Non¹
355 660 433 718 bene
454 659 493 721 de
514 660 595 718 vitae
614 661 748 734 queritur
768 661 915 720 brevitate
937 661 1079 735 caducae,

255 743 317 817 Qui
337 745 416 802 bene
438 744 580 818 confecit,
601 747 719 821 patriae
738 765 817 820 quos
836 746 940 804 debuit
960 765 1068 810 annos.

253 829 326 891 Nos
350 831 502 902 meritum,
525 849 587 891 nou
609 832 698 904 ordo,
718 838 817 890 vocat.
846 831 1022 890 Iustissima
1042 834 1151 895 mortis

255 913 380 980 Caussa
401 922 459 988 est,
483 915 584 973 efferri
601 917 702 975 famae
723 935 845 975 rumore
868 916 1012 976 secundo.

255 999 411 1073 uramus,
434 1007 465 1058 et
486 1008 594 1061 nostro
616 1002 715 1079 surgit
738 1002 776 1058 de
797 1001 903 1062 funere
923 1020 1045 1064 nomen.

256 1085 306 1143 Tu
318 1104 448 1161 quoque,
465 1103 537 1148 cara
550 1086 680 1160 Parcus,
698 1086 820 1146 tumidis
840 1086 900 1144 iam
923 1104 1014 1162 parce
1029 1085 1172 1161 querelis,

255 1169 416 1228 Debemus
438 1171 555 1244 morbo,
578 1172 661 1246 quod
683 1189 792 1230 caecae
814 1171 1015 1230 incommoda·
1028 1171 1120 1244 vitae,

257 1254 350 1328 Quod
369 1255 479 1316 dubios
499 1274 589 1318 casus
610 1257 755 1335 fugimus,
782 1256 863 1330 quod
882 1255 999 1314 lubrica
1019 1275 1128 1316 rerum.

256 1340 327 1399 Nec
350 1358 430 1398 nunc
453 1341 585 1417 primum
606 1362 626 1400 a
647 1361 695 1401 me
715 1361 828 1400 nomen
850 1340 905 1398 tibi
925 1341 1049 1419 contigit
1070 1342 1174 1404 orbae.

258 1426 344 1501 Quot
363 1426 506 1503 gravibus
529 1427 609 1488 curis
629 1427 779 1498 dedimus,
809 1425 977 1501 studiisque
997 1427 1154 1488 Minervae

258 1510 322 1570 Tot
346 1511 403 1569 tibi
425 1510 582 1587 deperiere
603 1513 679 1571 dies.
706 1511 788 1570 Dum
811 1511 954 1584 viximus,
977 1514 1061 1576 orba,

164 1658 165 1671 χ
256 1597 358 1654 Mater
381 1615 460 1654 eras.
482 1594 551 1656 Nec
572 1616 652 1656 nunc
673 1596 818 1672 rapimur,
839 1596 895 1666 sed
914 1598 1080 1672 poscimur,
1092 1597 1174 1660 olim.

256 1681 345 1739 Idem
360 1700 410 1738 me
431 1683 552 1757 repetit,
573 1685 624 1757 qui
645 1701 694 1740 me
714 1681 771 1740 tibi
790 1681 912 1740 tradidit
933 1689 1014 1742 ante.

258 1766 348 1838 Vive,
369 1766 447 1824 vale.
468 1775 610 1826 aeternus
633 1768 734 1844 signat
754 1766 829 1823 mibi
849 1766 964 1823 lumina
987 1786 1122 1828 somnus.

259 1851 352 1913 Talia
370 1852 441 1910 dum
462 1860 581 1928 perstat
602 1871 789 1924 memorans,
811 1851 979 1925 et'utrique
1000 1853 1117 1929 parenti

258 1936 404 2013 Morigeri
425 1937 573 1998 alternum
595 1939 659 1997 nuti
680 1937 806 2012 partitur
826 1955 972 2008 amorem,

164 2050 165 2063 κ
257 2021 354 2080 Plura
374 2021 513 2084 locuturo
535 2024 669 2082 tenebris
693 2023 832 2081 velantur
854 2021 972 2082 obortis

259 2106 432 2165 Haerentes
457 2107 551 2167 oculi:
571 2129 633 2167 vox
656 2108 833 2183 imperfecta
850 2105 973 2179 reliquit

259 2193 396 2251 Affectus
415 2191 520 2251 dulces
539 2200 569 2250 et
590 2195 683 2252 verba
704 2192 846 2252 vocantia
865 2197 1001 2248 matrem.

261 2277 348 2352 Quae
371 2277 430 2335 fuit
450 2276 532 2336 illius
554 2279 693 2339 funestae
715 2277 815 2336 noctis
840 2276 949 2351 imago,

261 2362 330 2437 Qua
351 2361 405 2424 Sol
425 2361 588 2440 Belgarum
609 2363 794 2440 pallentibus
817 2359 925 2419 occidit
941 2358 1068 2431 umbria,

259 2448 383 2507 Excivit
404 2447 558 2521 lacrimas,
579 2449 757 2525 permiscuit
781 2445 884 2509 omnia
904 2443 1006 2505 luctu?

260 2531 360 2595 Unica
382 2551 439 2589 nec
459 2540 575 2591 tantum
597 2535 713 2593 vultum
738 2533 846 2592 domus
868 2530 1091 2600 tomitanam,
1196 2530 1202 2542 '

259 2616 364 2675 Induit
386 2624 416 2674 et
438 2625 521 2677 totus
540 2618 680 2696 lugubria
701 2617 859 2693 squalidus
880 2615 972 2675 orbis.

259 2701 298 2761 Et
321 2702 394 2780 quia
413 2722 477 2760 non
496 2704 596 2767 incisa
615 2712 717 2781 potest
737 2703 898 2764 adamans
921 2718 1026 2758 severo

259 2787 374 2846 Ferrea
391 2788 546 2852 lanificam
567 2797 740 2866 pervertere
763 2788 830 2845 iura
853 2784 1015 2848 Sororum:

258 2872 364 2932 Edens
383 2872 522 2933 indomiti
542 2875 631 2952 signa
651 2874 733 2935 haud
754 2874 885 2934 obscura
906 2870 1035 2947 doloris,

259 2957 463 3032 Testatusque
485 2967 578 3032 tuam,
599 2960 741 3019 iuvenum
762 2957 951 3028 doctissime,
973 2967 1098 3018 mortem

257 3043 415 3120 Explicuit
438 3043 538 3104 claros
561 3044 712 3104 elementa
733 3063 790 3120 per
810 3038 916 3102 omnia
937 3053 1073 3115 questus.

259 3127 305 3186 Te
327 3127 407 3186 Reni
430 3129 556 3205 patulae
579 3129 722 3189 viridanti
742 3128 879 3205 margine
900 3127 996 3200 ripae,
1085 3161 1086 3166 κ

259 3212 305 3271 Te
326 3213 442 3290 Belgas
465 3215 576 3274 flevere
599 3215 694 3278 lacus.
719 3221 748 3272 te
769 3213 856 3272 dulce
879 3212 1013 3287 Lyceum

257 3297 400 3376 Lugduni
421 3298 509 3365 viridi
530 3300 700 3360 studiorum
724 3305 884 3359 stemmate
909 3304 1073 3372 comptum.

259 3383 374 3445 Omnia
391 3383 515 3448 luotifioi
536 3385 609 3445 daut
631 3392 809 3462 argumenta
831 3380 949 3442 doloris

259 3467 427 3528 Coniurata
447 3470 507 3528 tuis
531 3470 651 3537 iunctas
674 3469 810 3530 conferre
827 3464 967 3541 querelas

257 3554 419 3633 Exequiis,
443 3555 614 3628 iunctisque
637 3555 791 3616 lacessere
810 3549 984 3627 planctibus
1012 3565 1113 3608 auras.

164 3648 165 3653 ’
256 3639 366 3698 Invida
391 3658 487 3712 mors,
506 3640 587 3716 rapti
607 3641 813 3716 probrumque
837 3654 872 3696 sc
894 3635 1008 3694 crimen
1030 3632 1155 3710 ephebi:

258 3722 411 3799 Quantum
419 3732 495 3798 erat,
505 3733 538 3784 ut
545 3743 676 3785 nascens
689 3725 808 3788 sineres
816 3721 875 3781 hoc
888 3738 1024 3781 cresccre
1036 3715 1180 3797 germani
