3059 4492
761 479 823 538 394
861 449 869 470 '

333 650 439 710 Huoce
461 649 535 708 dicis
559 667 671 708 censen
692 650 888 714 advenientes
912 649 1152 709 numine'amico
1194 658 1199 670 '

333 731 451 795 Mitibu⁷
474 735 631 812 temperiie
648 736 783 794 intentes
805 753 881 794 sane
901 735 1023 792 fluento,

335 906 373 965 51
402 967 406 974 ,
468 906 652 962 'Triennnlic
668 906 768 963 Patrio
789 907 930 980 suffimen,
952 914 1096 962 aromata.

334 991 403 1050 Huc
421 989 504 1048 adsis
525 990 629 1061 Liber,
649 990 798 1063 Lucumo,
821 989 1016 1049 celeberrime
1034 987 1105 1061 Die,

334 1075 477 1148 Torcule,
498 1074 690 1147 Taurifrone,
713 1083 779 1134 ecte
800 1067 937 1147 fulmine,
963 1074 1073 1151 Nysie,
1094 1074 1213 1149 Fauno,

332 1161 440 1220 Matris
464 1160 595 1232 alumne,
619 1162 738 1218 eaerum
761 1167 860 1236 pater,
883 1160 1046 1236 ignivomo,
1064 1167 1095 1216 et
1104 1159 1250 1233 Velabro,

334 1245 510 1318 consentin,
530 1253 687 1316 nocturne,
710 1246 884 1322 geriferule,
906 1253 937 1302 et
956 1245 1095 1316 tutulate,

333 1335 453 1390 Arcano
474 1339 563 1406 atque
581 1330 693 1388 indicte
714 1331 799 1389 Iovis
821 1331 924 1407 stirpe,
955 1330 1086 1388 Virtriue
1106 1330 1202 1389 idem:

333 1416 519 1493 Primigenu,
541 1414 573 1444 *⁴*
597 1423 687 1490 atque
709 1415 810 1473 Deum
832 1423 919 1492 pater
942 1424 973 1473 et
993 1415 1096 1492 stirpe.

333 1500 452 1573 Baiule,
472 1500 705 1576 sceptrigerens,
731 1499 942 1575 Saliorumque
967 1500 1073 1560 histrio
1092 1499 1230 1576 praesul,

333 1586 499 1645 Foemineo
520 1584 680 1644 stimulans
703 1585 806 1642 divina
826 1585 958 1644 triennia
978 1593 1077 1644 coetu.

334 1670 514 1746 Terricrepe
536 1677 625 1744 atque
647 1669 760 1746 Tages,
783 1667 930 1744 Lucetiu',
950 1670 1033 1747 pulle
1055 1669 1196 1744 himeter,

335 1753 501 1828 Solemnis,
523 1761 656 1828 cornute,
676 1755 825 1832 lugatine,
849 1756 1081 1814 hinnulivestie:

335 1841 470 1913 Insinue,
493 1841 629 1911 Iuturne,
651 1841 821 1913 racemifer,
844 1842 1024 1915 euriquiriti,

333 1926 488 2002 Virginee,
511 1925 645 1984 studiose
667 1925 836 1997 ederarum,
855 1925 957 1984 vinule
977 1926 1082 1998 Liber,

333 2011 523 2070 Fluminibus
543 2011 660 2082 faveae,
677 2011 861 2086 gratissime,
884 2012 1007 2070 floribus
1027 2030 1155 2089 augens.

334 2181 375 2238 52
448 2182 651 2238 Annicerearii
673 2181 814 2254 suffimen,
836 2183 932 2238 omnia
949 2191 1068 2257 praeter
1087 2192 1140 2240 tur.

333 2266 432 2323 Elicio
456 2283 547 2341 prece
568 2273 599 2322 te
623 2264 770 2323 solemnis
794 2265 935 2323 Tellumo
957 2267 1061 2337 Liber,

335 2349 410 2410 Cum
431 2351 543 2408 teneris
563 2350 673 2408 blande
696 2350 785 2408 simul
806 2341 959 2428 exirergite
982 2351 1121 2410 vircbus:

334 2435 393 2509 Qui
414 2454 538 2493 numero
564 2436 683 2510 sopitus
703 2435 741 2492 ad
760 2435 839 2492 atria
859 2437 990 2494 Liberae
1012 2439 1165 2507 Avernae,

333 2520 408 2578 Puri
428 2521 571 2596 conscpis
594 2529 722 2597 augusta
743 2521 874 2577 triennia
893 2521 981 2578 socri.

333 2610 432 2680 Atque
454 2606 535 2664 idem
558 2606 685 2663 simulac
709 2606 753 2663 cis
770 2606 852 2664 festo
873 2606 1006 2664 triennia
1029 2616 1148 2677 rursus,

333 2691 432 2749 Dulce
455 2691 517 2748 cies
543 2708 610 2747 cum
629 2691 769 2748 cinctutis
793 2691 952 2749 nutricibu'
975 2709 1107 2762 carmen,

333 2774 446 2851 Vagitu
465 2781 610 2852 vegetans
632 2781 734 2832 coetus
756 2777 942 2835 vortentibus
963 2775 1063 2834 annis.

333 2860 416 2937 Ergo
439 2861 498 2918 hoc
519 2859 712 2936 frugivirens,
732 2860 816 2933 here,
839 2861 987 2938 corniger,
1012 2861 1139 2936 optimc,
1158 2860 1251 2938 frugi,

333 2944 535 3003 Pandiculare
558 2963 675 3002 sacrum
698 2945 793 3017 visae,
817 2945 871 3004 sed
891 2945 1006 3004 lumine
1027 2945 1123 3017 laeto,

332 3031 543 3106 Percoquibus
563 3031 672 3102 sacris,
692 3031 824 3088 eetemi's
843 3031 973 3108 frugibu’
993 3039 1121 3088 mactus.

333 3202 373 3260 53
420 3200 545 3270 Silvani,
568 3201 682 3270 Ine-ubi,
701 3202 879 3258 Brumamm
899 3202 1039 3275 suffimen,
1060 3219 1180 3258 munna.

332 3287 413 3345 Audi
434 3305 482 3342 me
503 3285 610 3344 Brumi
633 3285 713 3342 bone
737 3287 905 3344 nutricator
926 3292 957 3342 et
978 3285 1066 3357 altor,

332 3373 430 3447 Inque
454 3370 541 3429 statie
561 3369 657 3428 sacris
679 3389 741 3428 non
764 3370 871 3427 ultima
892 3389 964 3428 oure
984 3370 1133 3441 Deorum,

332 3457 504 3533 Magnaque
526 3473 598 3511 curu
619 3454 786 3528 hominum,
809 3455 1006 3513 celeberrime
1025 3447 1241 3530 Sylvanorum,
1265 3525 1270 3532 q

332 3539 493 3615 Hircipile,
515 3547 545 3596 et
568 3557 671 3596 sacrae
695 3541 818 3616 pompei
839 3540 964 3615 praesul
988 3541 1132 3598 honeste:

332 3624 479 3702 Pervigil,
501 3633 590 3697 atque
610 3623 670 3680 tuis
691 3624 904 3697 iuvenescente,
923 3625 1028 3697 iubile,
1050 3624 1181 3683 Faunis:

332 3709 510 3769 Brumerum
529 3708 693 3766 cinctarum
715 3709 825 3782 ederis,
847 3718 1031 3786 praetorque
1053 3709 1200 3781 virorum,
