3059 4492
168 451 172 552 l

639 491 791 586 υ*3-15-

255 661 378 723 Deinde
403 658 672 737 semper-virgines
695 679 787 735 prece
803 660 926 731 invoco,

168 763 169 798 l
258 748 346 824 Quae
366 763 489 822 semper
508 745 664 802 intuentur
681 746 829 802 humanas
851 741 946 816 vices,

258 831 389 894 Sanctae
409 830 543 888 Deamm
562 837 722 906 praepetes
742 829 867 888 Furias:
890 829 1000 901 sciant,

257 917 309 978 Uti
329 935 381 976 me
401 914 527 976 Atridae
546 913 701 992 principes
726 915 853 993 adigunt
870 915 958 972 mori.

257 1002 383 1076 anque
403 1001 436 1060 in
456 999 580 1058 exitium
602 999 739 1058 ultimum
759 999 856 1058 malos
878 999 957 1070 male

257 1088 402 1164 Rapiant.
425 1092 465 1158 et,
487 1093 520 1142 ut
540 1103 590 1142 me
610 1103 681 1144 mox
705 1086 869 1144 tuebuntur
889 1102 960 1142 mea

260 1171 391 1232 Caesum
416 1189 507 1228 manu
527 1170 638 1242 iacere,
662 1171 706 1228 sio
727 1169 887 1244 nepotibus

257 1258 379 1316 Poenas
402 1254 533 1314 nefanda
556 1255 648 1312 caede
668 1255 820 1332 postumia
843 1254 938 1312 luant.

258 1343 361 1420 Agite,
383 1341 425 1399 ite
449 1338 575 1411 celeres,
599 1339 641 1397 ite
663 1339 773 1398 Furiae
792 1335 938 1397 vindices.

260 1428 392 1486 Tentata
412 1425 518 1503 volgus
539 1443 638 1498 omne,
661 1445 700 1482 ne
722 1423 917 1500 compercite.
961 1466 964 1472 .

260 1511 322 1585 Sol,
344 1511 397 1587 qui
419 1528 564 1588 suprema
582 1510 698 1586 templa
718 1509 864 1570 curriculo
883 1508 960 1568 citus

258 1598 402 1668 Lustras,
422 1603 568 1673 paternae
590 1595 738 1654 institeris
760 1603 795 1654 ut
812 1602 911 1652 terrae
932 1611 1020 1652 meae

260 1682 415 1760 strigare,
437 1698 599 1757 parumper
618 1681 721 1739 inhibe
744 1681 880 1738 habenas
900 1699 1009 1739 aureas

259 1769 405 1843 Utrisque
427 1765 547 1824 miseris
571 1764 662 1826 frrnus
684 1785 719 1824 ac
740 1784 831 1825 casus
851 1783 937 1823 meos

259 1857 370 1913 Aetate
386 1870 463 1910 cana
485 1850 596 1908 nuncia
616 1853 803 1927 parentibus.

258 1940 320 2000 Ubi
342 1939 426 1996 fama
447 1938 579 2014 miserae
599 1938 702 1996 matris
727 1953 816 1996 aures
836 1934 962 2006 accidet,

259 2025 374 2084 Totam
395 2041 450 2098 per
470 2021 575 2080 urbem
599 2021 737 2094 ululabit,
762 2020 932 2080 eiulabitur.

257 2109 289 2170 N
293 2129 328 2168 ec
350 2109 465 2166 fructus
487 2125 597 2183 operae
618 2115 665 2166 est
685 2108 879 2166 istafrustra
898 2103 1048 2178 conqueri.

258 2198 338 2272 Age,
363 2193 541 2252 ordiendum
565 2198 612 2250 est
636 2193 756 2252 facinus
778 2199 910 2250 actutum
931 2188 1015 2246 mihi.

260 2281 289 2340 Ο
312 2297 395 2338 mors
418 2295 521 2354 age,o
545 2295 625 2336 mors
646 2297 713 2355 age,
734 2279 815 2350 veni,
846 2296 882 2334 ac
901 2295 950 2333 me
969 2274 1072 2332 visita.

260 2364 442 2438 Quanquam
465 2361 641 2436 alloquendi
662 2372 782 2440 tempus
805 2362 879 2423 olim
901 2361 958 2419 erit
977 2360 1063 2419 satis.
1177 2358 1229 2412 855

260 2450 308 2508 Te
330 2449 409 2507 lucis
429 2447 528 2504 almae
547 2448 806 2507 candidissumum
822 2447 930 2503 iubar:

261 2535 319 2606 Te,
343 2533 403 2606 sol,
427 2541 456 2590 et
478 2531 576 2590 almae
597 2532 674 2591 lucis
699 2533 836 2609 aurigam
858 2530 996 2603 alloquor

260 2620 504 2688 Posterrumum,
525 2616 662 2691 inquam,
684 2627 717 2676 ut
738 2625 848 2693 postea
871 2631 1025 2688 nunquam
1038 2610 1179 2688 amplius.

262 2705 291 2764 0
314 2703 428 2775 lumen,
452 2721 470 2759 o
494 2700 681 2761 domesticae
705 2721 824 2762 sacrum
845 2701 944 2762 solum

259 2787 440 2858 Salaminis,
464 2807 482 2846 o
509 2787 570 2846 mei
587 2796 713 2864 penates
737 2788 842 2864 patrii:
1178 2777 1230 2833 ⁸⁶⁰

258 2875 328 2933 Vos
350 2874 449 2931 clarae
469 2872 619 2946 Athenae,
638 2892 754 2948 vosque
776 2872 906 2950 gentiles
929 2869 1000 2941 mei,

257 2961 446 3034 Famesque,
472 2956 555 3016 fluvii
577 2975 632 3018 vos
652 2958 773 3018 valete:
795 2956 900 3016 Troici

260 3045 373 3122 Campi
393 3043 555 3115 releuaret
574 3062 628 3103 vos
650 3044 711 3102 mei
733 3042 862 3100 nutricii.

259 3131 351 3191 Haec
374 3129 469 3187 verba
489 3129 580 3207 vobis
600 3129 662 3187 edit
681 3129 762 3187 Aiax
780 3128 898 3199 ultima,

256 3217 395 3290 Reliqua
417 3212 498 3290 apud
517 3213 630 3273 Oreum
650 3213 736 3272 fabor
754 3213 965 3270 infernatibus.
1171 3207 1231 3261 855

502 3290 731 3368 ΗΜΙΧΟΡΟΣ,
754 3297 944 3356 Semicborce.

259 3384 315 3448 Se.
357 3385 463 3444 Labor
484 3383 598 3462 duplex
620 3383 720 3460 gravis
743 3382 842 3441 labor.

260 3472 364 3548 Quem
388 3489 451 3529 non
472 3468 552 3529 adivi
574 3487 632 3546 ego
654 3469 779 3528 locum?

256 3555 341 3630 Nec,
365 3557 418 3632 qui
440 3554 546 3612 docere
567 3553 676 3631 possit,
698 3551 779 3611 ullus
802 3558 850 3609 est
870 3549 967 3608 locus.

252 3642 358 3716 Tace,
379 3650 456 3699 tace.
475 3639 588 3697 fallor?
608 3657 647 3696 an
671 3655 777 3696 sonum
801 3634 914 3693 audio?

256 3727 315 3789 Se.
356 3727 451 3785 Vero.
476 3725 597 3784 sodales
619 3723 764 3782 classicos
786 3739 844 3779 uos
868 3718 994 3780 scilicet.
