3059 4492
639 485 792 585 ..¹⁵..⁷„.
859 460 863 468 .

257 649 420 734 Χείρωνος
441 648 541 718 έλκος.
563 643 712 721 Κίνδονος
729 655 857 800 πρῳρας
875 650 982 719 σελίς.ι

258 733 440 800 Χελιδάνων
466 738 611 818 μουσεῖα.
631 733 778 799 Θύοοσ’“
811 735 888 798 στία.

258 817 372 884 Χιαστὶ
395 819 518 882 τίλλειν.
542 814 604 882 Τδν
624 821 695 904 περὶ
718 825 821 906 ψυχῆς
840 818 970 905 τρέχειν.

258 901 365 988 Χορδν
388 902 510 986 δίδωμι.
533 899 584 966 M}
604 926 624 966 α
645 905 673 967 τὶ
692 905 805 974 έσθλδς
830 902 968 986 ἅγγελος.

258 987 421 1073 Ψάφωνος
443 986 551 1071 ὄρνεις.
567 925 689 1071 ’ἔγγιον
712 991 831 1073 κνήμης
852 987 936 1136 γύνο.

258 1069 461 1156 Ψεοδύπορα.
484 1069 615 1156 Μύρμηξ
634 1073 654 1156 ἡ
673 1074 823 1157 κάμηλος.
844 1069 859 1096 '
877 1094 929 1134 σον
951 1070 1019 1156 ἴσῳ.

259 1153 391 1240 Ψύραθε
413 1155 467 1218 τὰν
489 1154 630 1240 Σπάρταν
653 1156 747 1239 ἄγειν.
771 1156 834 1240 Κέγ
860 1178 912 1240 ρον
935 1160 1058 1241 τροπᾷς.

257 1237 364 1304 Ὤθεῖν
391 1240 552 1324 δικράνοις.
570 1239 659 1304 Ἀλλ’
684 1243 756 1305 ἰδὼν
781 1179 961 1325 ἐπείθύμην.

255 1322 312 1394 Ὡς
334 1325 401 1387 ἀντὶ
421 1346 461 1408 χο
482 1325 547 1407 δῆς.
566 1321 806 1411 Ἐσκιμαλίχθαι
827 1348 860 1388 σε
884 1325 941 1388 δεῖ.

255 1407 314 1478 Ὡς
337 1408 369 1472 ἐν
394 1347 565 1494 κατίπτρῳ.
588 1407 691 1495 Μέχρι
712 1416 772 1474 τῶν
796 1411 995 1495 άμφωτίδων.

582 1493 643 1558 άπδ
663 1517 679 1556 τ
699 1499 847 1580 οχαϊκῶν.

256 1572 301 1642 ‘A
323 1577 358 1639 δὲ
377 1580 447 1661 χεῖρ
469 1575 522 1638 τὰν
542 1581 633 1661 χεῖρα
656 1517 696 1641 νύ

257 1662 373 1726 Αἰετδν
395 1657 522 1724 τίκτοντ’
544 1661 605 1744 ἐγώ
629 1685 663 1725 σε
683 1664 839 1747 κάνθαρος
859 1662 1057 1747 μαιεύσομαι.

686 1584 740 1651 ζει.
764 1579 817 1648 δύς
839 1603 877 1656 τι,
899 1578 953 1640 καί
972 1601 999 1641 τι
1021 1577 1171 1663 λάμβανε.
1250 1610 1253 1615 >

210 1753 215 1758 '
255 1744 416 1825 Ἀλλά-γ’
439 1748 482 1813 ὡς
499 1746 585 1830 ἥρως
605 1746 637 1808 ἐν
662 1747 767 1812 ἀσπίδι
788 1748 902 1819 Εενίσαι
924 1769 959 1809 σε
978 1746 1139 1832 βούλομαι.
1272 1772 1275 1779 ·

255 1828 463 1914 Ἀμφιδέξιος
481 1828 539 1914 γὰρ
560 1831 636 1914 ἀνὴρ
658 1833 730 1916 εἰμὶ,
749 1832 782 1896 κ’
807 1834 866 1918 οὐχ
887 1832 1064 1915 ἁμαρτάνω.

254 1912 367 1996 Ἀνδρλ
388 1914 482 1998 Λοδιγῖ
499 1914 652 1998 πράγματ’
676 1915 733 1980 οὐκ
755 1917 803 2001 ἦν.
830 1921 846 1981 ύ
870 1917 898 1979 δ’
917 1917 1016 1978 ἀπιὼν
1035 1914 1171 1997 ἐπρίατο.

254 1996 386 2064 Ἃπαλὰ
407 1997 688 2082 θερμολουσίαισιν.
709 2001 790 2086 ἁβρὰ
815 1999 1060 2083 μαλθακευνίαις.

256 2081 439 2165 Ἀπονέμοο
463 2105 515 2165 μοι
531 2086 585 2166 τῆς
599 2084 726 2169 ἁμάξης.
748 2086 851 2149 τῶνδ’
866 2083 994 2149 ῦνωνού
1010 2105 1063 2164 μοι
1074 2080 1171 2164 μέλει.

256 2167 476 2253 Ἀρτιιίιτατος,
500 2167 603 2250 ὥσπερ
628 2169 658 2231 ἐν
679 2173 742 2238 τοῖς
759 2171 930 2254 ὀργάνοισιν
953 2167 1106 2271 ἡ·μαγάς.
1149 2221 1153 2228 .

155 2263 156 2340 j
256 2251 425 2336 Ἀσφαλὴς
445 2251 503 2334 γάρ
526 2251 586 2314 ἐστ’
612 2252 757 2337 ἀμείνων,
781 2255 800 2337 ἢ
821 2254 916 2340 ταχύς
937 2254 1154 2335 στρατηλάτης.

253 2334 444 2419 Ἀέιώτερον
469 2335 622 2421 ταρίχους.
646 2335 730 2408 Βοῦς
750 2337 823 2401 ποτ’
846 2340 877 2402 ἐν
900 2338 1013 2423 βοτάνῃ
1039 2335 1123 2419 μένε.
1227 2390 1230 2399 ,

258 2421 425 2487 Βάσκανος
445 2420 497 2482 καὶ
521 2420 672 2505 δυσμενὴς
690 2423 854 2509 ὀφθαλμός
875 2423 939 2485 ἐστι
961 2420 1116 2502 γειτόνων.

258 2505 337 2572 Βίος
360 2503 411 2566 ὅδ’
436 2503 604 2588 ίχθύων·ὁ
630 2508 724 2590 μείων
746 2508 810 2570 ἐστι
831 2510 970 2591 μείζονος
989 2506 1099 2589 τροφή.

259 2587 415 2674 Βορβύρῳ
436 2589 535 2672 πηγὴν
556 2592 682 2672 μιαίνων
705 2590 821 2656 οὔποθ’
843 2592 984 2676 εὑρήσεις
1006 2590 1110 2652 ποτύν.

260 2674 415 2757 Γαύριῦιν,
438 2675 481 2740 ὥς
502 2673 530 2736 εί
546 2674 675 2738 καθεῖλε
697 2679 749 2760 τὴν
773 2677 804 2740 ἐν
823 2675 931 2762 Ι’Άργει
951 2674 1076 2740 ἀσπίδα.
1204 2727 1208 2735 .

258 2758 320 2822 Διὰ
344 2755 442 2840 μέσοο
466 2758 517 2819 καὶ
539 2760 627 2864 λιμὸς
650 2761 743 2845 ἐκρεῖ.
770 2763 822 2825 καλ
844 2761 965 2846 μάλιστ’
989 2758 1172 2824 άπύλλοται.

260 2844 363 2906 Δοῦλε
386 2842 543 2904 δεσποτῶν
566 2865 661 2907 ακουε
683 2847 734 2909 καὶ
756 2847 859 2910 δίκαια
880 2845 1000 2931 κάδικα.

260 2923 337 2992 Είθε
361 2926 500 3010 φαύλως,
523 2928 626 3012 ὥσπερ
650 2928 747 3013 εύρες,
769 2929 903 3017 ἐκβάλῃς
923 2932 976 3014 τὴν
1000 2928 1129 2993 ἔνθεσιν.

258 3009 312 3080 Ἐς
330 3013 421 3078 κυνὸς
440 3012 537 3094 πυγὴν
563 3013 706 3097 δρᾷοθαι,
732 3016 783 3078 καὶ
804 3039 821 3078 τ
841 3022 894 3078 ιῶν
916 3014 1097 3079 ἀλωπέκων.

254 3093 341 3160 Ἐστι
360 3099 420 3158 τῶν
444 3094 476 3156 ἐν
493 3098 538 3180 τῷ
558 3101 690 3184 μετώπῳ
711 3105 783 3180 νοῦν
807 3039 838 3162 g)
846 3123 889 3161 ειν
913 3098 1083 3162 εἰωθότων.

255 3177 409 3266 Ἐσχατος
429 3175 645 3262 Κροτωνιατᾶν
668 3188 782 3268 πρᾶτος
808 3186 906 3252 αλλας
924 3181 1087 3249 Ἑλλάδος.

261 3263 396 3332 Εύτελὲς
413 3263 470 3346 γάρ
495 3265 615 3329 δεῖπνον
641 3267 731 3331 οὐδὲν
753 3268 878 3351 ἐμποιεῖ
896 3267 1066 3351 παροινίαν.

253 3348 298 3415 Ἥ
318 3351 427 3431 λεοντῆ
456 3349 497 3431 μὴ
513 3343 663 3434 ἐφίκηται,
693 3352 728 3416 σὺ
754 3353 789 3414 δὲ
811 3350 1172 3437 πρύσραπτ’ἀλωπεκι”γν.

255 3433 298 3500 Ἦ
318 3437 442 3518 φρονεῖν
463 3431 606 3512 ἔλασσον,
626 3437 645 3520 ἡ
667 3441 772 3519 μεῖζον
797 3437 948 3500 δύνασθαι
972 3435 1003 3498 σ’
1025 3433 1150 3519 ἔπρεπε.

257 3517 314 3584 Ἢν
335 3517 370 3581 δὲ
392 3515 471 3601 κᾴμέ
496 3521 691 3606 ζωπυρήσγγς,
710 3521 763 3604 τὴν
785 3521 801 3585 ἐ
825 3521 861 3604 ὴν
883 3520 917 3583 ῦν
939 3520 1082 3604 λύσομαι.
1198 3566 1202 3578 ,

256 3601 314 3668 Ἦν
337 3602 434 3706 τύχγγς
457 3603 599 3678 δικάζων,
620 3609 702 3689 κρῖνε
723 3608 777 3689 τὴν
801 3546 947 3689 ύθριιγνίην
971 3607 1066 3690 δίκην.

265 3686 379 3752 Θῦιττον
405 3708 439 3749 αν
461 3709 504 3756 τις
526 3687 557 3752 ἐν
579 3689 679 3776 πλοίῳ
698 3692 802 3754 πεσὼν
822 3690 954 3775 ἁμάρτοι
979 3697 1033 3755 τοῦ
1060 3691 1163 3762 ξύλου.
