3059 4492
588 458 593 467 '
765 458 827 517 381

337 627 528 702 Antideaque
546 626 643 698 fuere,
667 634 697 684 et
718 647 792 687 mox
814 635 941 686 ventura
965 628 1131 686 trahentur.

338 711 420 772 Nam
438 721 548 772 natura
568 711 654 787 prior
675 713 757 771 Maio
782 714 885 772 omnia
904 713 1133 772 commendavit.

340 799 443 875 Quare
467 819 486 857 o
506 797 597 856 nobis
618 798 752 874 auguriis
771 799 930 856 veracibus
952 797 1049 870 adaia,

339 883 426 942 Dans
448 882 599 960 placidam
617 881 701 939 vitae
717 884 810 940 finem
833 883 932 941 felicis
952 883 1073 941 habere.

339 1053 379 1111 25
397 1054 519 1111 Telluris
527 1053 752 1126 suffimenmmae
758 1063 979 1128 ammiratum
978 1055 1070 1127 sabaa
1078 1064 1256 1118 aaronem.

340 1138 445 1196 Tellus
470 1137 548 1212 Ops,
567 1145 663 1194 mater
684 1135 833 1194 Diuorum
854 1147 884 1194 et
905 1145 1002 1195 mater
1023 1139 1201 1216 homonum,

338 1223 452 1295 Altrix,
470 1220 695 1297 percoquifrux‚
715 1221 934 1296 intercidonea‚
953 1223 1049 1300 larga,

340 1306 466 1368 conflua
487 1314 577 1382 atque
599 1306 791 1378 adolescens,
813 1302 928 1383 polaris
949 1308 1087 1384 frugibus
1109 1329 1242 1388 augens:

341 1392 467 1452 Aeterni
487 1390 592 1448 mundi
610 1391 776 1448 fundamen
798 1392 926 1450 daedala
948 1393 1046 1470 virgo,

339 1476 425 1551 Quae
446 1477 545 1534 varias
566 1475 630 1534 edis
653 1477 756 1552 fruges
776 1478 951 1537 maturrima
971 1486 1074 1553 partu:
1360 1532 1361 1547 ,

339 1566 439 1633 Anna,
462 1579 608 1636 perarma,
631 1567 770 1638 augusta,
793 1562 954 1638 empanda‚
980 1562 1138 1639 opulenta,
1155 1566 1253 1624 beata.
1360 1616 1361 1623 ,

341 1645 500 1708 Suavifero
520 1645 661 1703 exultans
683 1648 847 1722 gemmanti
867 1649 1004 1724 gramine
1023 1647 1097 1720 Dia,

339 1731 562 1806 Imbriproeax‚
584 1730 664 1787 circa
685 1750 774 1806 quam
799 1732 1015 1810 signitenentia
1037 1743 1149 1806 eastra,

339 1817 381 1875 Et
400 1815 519 1876 eoelum
538 1815 670 1886 aeternis
692 1815 809 1876 vicibus
828 1815 1006 1876 torrentibu'
1028 1817 1134 1876 fertur.

339 1901 422 1960 Diva
443 1919 556 1978 parens
579 1920 655 1978 auge
676 1908 775 1958 terrae
796 1903 957 1960 viridantia
978 1903 1072 1976 foeta,

341 1986 442 2060 Clara,
461 1987 582 2045 favente
603 1986 717 2059 animo,
741 2005 809 2044 cum
832 1987 1052 2065 Temperiabus
1071 1988 1195 2065 opimis.

342 2157 382 2216 26
549 2155 659 2214 Matris
680 2156 776 2214 Deum
795 2158 937 2232 suffimen,
957 2160 1051 2214 varia.

319 2243 437 2302 ,Mater
457 2247 628 2298 cunctorum
652 2241 870 2318 augustissima
891 2241 1134 2318 caeligenam,

341 2326 410 2384 Huc
433 2326 475 2384 sis
498 2325 581 2384 Maia
598 2325 677 2398 Dea,
700 2326 804 2384 ao‘nler
822 2326 874 2383 ted
895 2327 934 2384 ad
954 2335 1008 2384 tua
1029 2346 1127 2398 sacra,

342 2411 543 2470 Taurivomus
563 2411 692 2488 iungens
714 2411 834 2470 citimus
856 2411 895 2468 ad
918 2430 1005 2469 carra
1025 2413 1160 2472 Leones.

341 2497 467 2556 Aeterni
487 2497 594 2573 regina
615 2497 694 2569 aovi,
716 2496 923 2569 celeberrima,
946 2498 1074 2554 honora:

343 2580 427 2654 Quae
449 2582 550 2638 media
571 2581 675 2638 mundi
697 2589 761 2640 stas
784 2583 912 2653 fornice,
935 2581 1017 2656 quod
1041 2584 1125 2640 bona
1145 2590 1256 2640 terram
1360 2632 1361 2635 ,

342 2667 417 2742 Ipsa
436 2673 532 2736 tenes,
554 2666 694 2724 homines
712 2667 829 2725 lactans
850 2666 919 2724 Dea
939 2668 1037 2724 eieure
1055 2675 1159 2743 pastu.

341 2751 390 2808 Ex
409 2760 440 2807 te
463 2749 705 2827 Caeligenarum‚
729 2771 769 2810 ex
786 2759 817 2809 te
838 2751 1009 2809 mortalium
1028 2753 1116 2829 origo
1139 2761 1198 2826 eat,

341 2836 381 2893 Et
402 2835 522 2910 liquens
544 2842 653 2893 natura
674 2837 730 2893 tibi
747 2837 823 2908 fluit,
845 2845 874 2893 et
896 2838 988 2895 maris
1011 2837 1126 2894 humor.

341 2921 469 2979 Vestam
495 2928 525 2978 te
546 2920 687 2993 vocitant,
710 2930 800 2998 atque
822 2921 958 2980 Assidua
978 2922 1163 2998 indignaris,

342 3006 435 3083 Quod
453 3006 520 3065 duis
540 3006 679 3064 humanis
701 3007 851 3082 polaralia
873 3007 987 3065 adorea
1010 3007 1116 3064 multa.

340 3093 415 3151 Vise
435 3100 505 3151 tuos
529 3098 641 3162 castus,
666 3110 684 3148 o
704 3092 832 3150 candida
849 3093 1108 3168 tumpanicultrix‚

341 3177 470 3250 Victrix,
493 3169 596 3253 snspe'
618 3176 784 3254 Phrugum,
803 3176 926 3238 Saturni
947 3177 1079 3234 maxima
1099 3177 1226 3247 coniux,

340 3263 472 3336 Moesia,
495 3261 672 3338 (indigena,
695 3262 809 3334 nutrix,
829 3262 966 3319 fanatica
978 3262 1054 3320 Dia:

341 3347 439 3406 Laeta
460 3348 543 3406 adsis
565 3354 688 3424 gratans
711 3347 800 3406 festis
820 3354 888 3404 rata
908 3347 1038 3406 cultibus
1061 3347 1161 3422 signa.

343 3517 382 3574 27
610 3517 751 3575 Mercurii
772 3517 913 3591 aaffimen,
936 3526 991 3573 tua.

342 3601 436 3660 Maiai
460 3602 550 3676 stirps
570 3602 651 3659 alma
671 3602 826 3676 Iovisque,
849 3619 988 3672 accense,
1005 3601 1116 3672 viator,

343 3687 570 3764 Magnanimum
579 3687 764 3760 turbabere,
772 3685 1260 3761 quinquertiomenaorhomenum,
