3059 4492
768 485 787 543 6

702 568 853 578 -.-....

322 644 403 705 Nam
423 647 479 705 tibi
499 647 571 705 licet
588 651 692 708 omnia

366 729 462 805 Scire,
484 750 544 807 quo
567 733 633 792 sine
653 735 696 793 nil
714 735 820 796 Venus
861 796 864 802 ,

364 817 476 889 Audet,
495 816 580 874 irrita
602 828 673 877 sunt
688 828 808 897 patrum

364 901 457 974 Vota,
476 901 521 960 nil
538 903 609 960 fidei
630 905 733 963 valent

365 984 460 1047 Sacra
476 994 567 1063 pacta
586 990 721 1047 maritae.

323 1071 380 1132 cui
402 1073 485 1148 capis
506 1072 572 1130 leve
593 1073 786 1147 flammeum?

364 1157 491 1217 Pineum
511 1157 643 1216 faculam
664 1158 785 1235 quatis?

365 1242 452 1319 Quae
472 1242 576 1318 puella
595 1251 638 1301 tot
661 1245 793 1321 ignibus,

364 1326 441 1403 Quis
466 1333 510 1384 tot
528 1327 567 1384 ab
589 1328 709 1388 iuvenis
727 1335 824 1390 neret

362 1411 569 1489 Apparatibus
590 1413 658 1470 urii

322 1495 414 1572 Quod
433 1516 491 1574 par
511 1496 586 1554 illud
609 1497 785 1569 amantium,

364 1582 448 1659 Quos
472 1590 580 1658 potens
609 1582 739 1640 Veneris
762 1581 826 1641 suis

362 1666 506 1726 Destinat
527 1687 602 1743 puer
620 1666 750 1725 ictibus?

364 1752 442 1827 Quis
463 1752 563 1828 perire
585 1752 701 1810 dicatus
726 1751 792 1809 est?

363 1836 433 1913 Qua
452 1836 552 1912 perire
578 1837 709 1914 sagitta?

321 1919 383 1982 Sed
405 1921 476 1997 quid
499 1921 590 1979 obvia
611 1919 805 1997 quaerimus?

362 2007 442 2066 Ecce
464 2007 547 2083 quod
568 2009 691 2083 petitur,
713 2005 815 2083 palam
838 2010 898 2064 est.

363 2095 481 2169 Agmen
502 2091 586 2151 illico
606 2093 676 2150 dum
698 2092 805 2165 loquor

363 2176 489 2254 Strigat‚
514 2184 544 2234 et
562 2178 690 2236 Veneris
713 2184 795 2234 rotas

287 2274 290 2284 '
335 2262 479 2342 'Pompa
497 2263 579 2320 sistit
599 2264 738 2320 eburnas.

318 2347 443 2422 Iamque
464 2346 642 2407 Dousiadae
664 2347 786 2405 domum
897 2397 900 2400 .

363 2431 527 2508 Hospitum
552 2433 658 2490 chorus
682 2429 819 2502 obsidet,

360 2516 469 2591 Deque
487 2516 577 2593 plebe
601 2516 784 2593 Cupidinum

279 2648 282 2660 .
359 2602 524 2678 Penniger,
547 2603 660 2660 monitu
681 2600 782 2672 Deae,
811 2638 814 2646 ·

360 2686 469 2745 Pulsat
490 2688 571 2745 ostia
591 2686 712 2747 Cursor.

317 2771 465 2830 Panditur
486 2771 600 2831 domus.
622 2771 720 2829 influit

359 2857 476 2934 Vulgus
500 2877 599 2915 omne.
624 2856 779 2916 silentium

361 2941 513 3002 collocata
533 2943 685 3019 tapetibus

358 3027 440 3086 Diva
459 3028 581 3087 nutibus
602 3028 740 3104 imperat.

359 3113 439 3172 Infit.
463 3133 515 3172 ore
531 3114 659 3171 favetur.

316 3197 427 3257 Dousii
447 3199 566 3275 generis
588 3199 690 3273 decus,

360 3282 452 3343 Clara
469 3303 557 3359 quem
580 3283 729 3342 celebrem
750 3284 829 3344 facit,

358 3368 476 3428 Inclitis
499 3369 596 3428 atavis
617 3369 737 3443 domus,

360 3451 477 3511 Olarior
496 3455 603 3513 studiis
624 3461 736 3529 tamen,

359 3538 542 3614 Artibusque
564 3540 737 3612 Minervae3

316 3620 387 3682 Non
405 3623 479 3681 mihi
496 3623 571 3681 libet
592 3626 718 3685 aedibus

359 3708 505 3767 Intulisse
526 3709 636 3786 pedem
659 3713 732 3785 tuis,
