3059 4492
737 437 887 531 Q

398 605 589 679 Narcissum,
609 613 639 663 et
656 606 762 683 patulo
784 607 850 664 lilia
864 605 966 662 hiulca
984 605 1063 679 sinu,

356 691 566 766 Halantesque
588 709 703 764 crocos,
729 699 758 749 et
781 709 951 768 purpureos
973 691 1165 767 hyacinthos,

398 778 528 852 Insuper
549 783 579 834 et
599 795 710 834 vernae
729 777 824 835 florea
845 782 928 835 serta
948 794 1052 846 rosae3

356 862 400 922 Ut
423 861 479 920 tibi
502 861 539 919 ab
562 868 716 938 unguento
739 868 840 938 caput,
863 860 1044 933 Heliodora,
1065 860 1216 937 fragranti

398 945 501 1023 Spiret
521 946 656 1005 odoratis
678 954 750 1023 apta
769 965 880 1004 corona
902 946 1009 1006 comis.

757 1032 862 1088 Aliter.

355 1116 395 1173 Et
413 1115 544 1191 plectam
567 1115 677 1186 violas,
706 1123 736 1173 et
756 1115 863 1191 myrtis
886 1115 1030 1173 suavibus
1052 1113 1161 1172 addam

310 1207 312 1211 '
378 1199 591 1272 ¹Narcissum,
611 1201 734 1277 iungam
756 1201 822 1258 lilia
838 1198 939 1256 hiulca
960 1198 1059 1258 simul.

356 1283 486 1343 Nectam
511 1303 603 1344 suave
626 1303 757 1358 crocum,
780 1295 882 1343 texam
904 1284 1041 1342 vaccinia
1060 1284 1137 1342 flore

397 1369 565 1446 Purpureo.
580 1370 718 1446 ,plectam
740 1371 847 1430 suavia
868 1377 951 1428 texta
971 1387 1074 1442 rosae,

356 1454 398 1514 Ut
419 1454 557 1513 madidae
577 1462 730 1532 unguento
743 1456 800 1514 tibi
816 1455 942 1513 floribus
962 1455 1094 1529 undique
1106 1453 1271 1527 inumbret,

399 1537 579 1612 Heliodora,
603 1546 670 1598 tuas
692 1540 786 1616 plexa
805 1540 915 1598 corolla
937 1557 1051 1598 comas.

358 1707 434 1782 (U)
631 1704 720 1786 Φαμί
738 1703 810 1766 ποτ’
834 1704 865 1766 ἐν
891 1703 1008 1787 μύθοις.

356 1791 460 1848 Iudice
484 1810 543 1863 me,
563 1794 676 1870 argutis
697 1793 902 1864 sermonibus,
920 1793 1002 1868 ipsa,
1023 1792 1141 1869 lepore,

399 1876 479 1934 Vicit
499 1876 548 1935 vel
572 1875 721 1951 Charites,
743 1878 923 1950 Heliodora,
945 1897 1009 1936 sue.

359 2045 375 2112 Ε
385 2045 433 2122 (8)
647 2040 796 2128 Ὀξυβὸαι
818 2045 976 2109 κώνωπες.

358 2128 521 2208 Sanguinis
545 2131 670 2198 humani
693 2132 843 2203 sitientes,
865 2131 1002 2205 improba
1020 2129 1114 2203 secla,

398 2221 481 2291 Apta
505 2215 563 2274 alis
583 2217 719 2293 paribuS,
744 2215 863 2275 vocifici
885 2214 1022 2273 Culicesz
1143 2209 1146 2214 ’
1358 2212 1359 2281 i

356 2300 546 2375 Zenophilae
565 2302 718 2377 placidum
739 2301 832 2359 liceat
852 2300 984 2359 dormire
1007 2317 1164 2376 soporem,
1358 2288 1359 2365 i

400 2383 550 2444 Carnibus
576 2386 692 2444 interea
713 2405 765 2445 vos
789 2387 898 2445 satiate
920 2386 1008 2444 meis.
1358 2392 1359 2395 ’

357 2469 419 2530 Sed
432 2470 502 2544 quid
523 2489 579 2548 ego
592 2473 667 2530 haec
680 2471 763 2528 dixi?
776 2471 889 2530 frustm
905 2489 982 2528 sum.
1000 2467 1178 2528 Animantia
1192 2474 1271 2526 tetra

399 2553 541 2615 Gaudent
562 2555 594 2614 in
617 2564 753 2614 teneram
775 2557 869 2633 figere
888 2563 990 2616 rostra
1010 2563 1118 2613 cutem.

355 2640 415 2711 Ah,
437 2658 530 2715 pecus
555 2641 761 2717 implacidum,
786 2640 903 2717 coeptis
926 2640 1075 2698 absistite.
1100 2638 1127 2697 si
1150 2657 1226 2697 non:

398 2723 564 2817 zelotypae
586 2725 619 2782 in
640 2745 696 2784 vos
716 2726 846 2785 instruet
867 2727 914 2783 ira
935 2743 1053 2783 manus.

357 2891 433 2968 ((9)
650 2887 762 2972 Πταίης
783 2913 835 2970 μοι
857 2892 982 2973 κώνωψ.

355 2977 381 3050 Ι,
404 2995 539 3053 propera
560 2978 713 3051 mandata,
737 2976 843 3037 Culex.
866 2979 955 3036 Velle
976 2977 1059 3036 ocius
1081 2997 1186 3038 aurem

398 3063 594 3138 Zenophilae,
619 3071 648 3120 et
669 3064 751 3133 tenui
776 3064 852 3122 haec
875 3082 1027 3127 murmure
1046 3063 1126 3122 dicta
1146 3084 1234 3125 sona:

355 3147 401 3206 Te
423 3148 496 3225 vigil
517 3148 570 3206 ille
588 3158 704 3208 manet:
729 3149 872 3221 tulenta,
895 3155 1037 3207 veternus
1060 3159 1228 3224 amantum,

355 3287 357 3292 .
396 3233 532 3292 Dormis.
552 3233 620 3307 Eia,
641 3235 717 3292 vola.
738 3252 824 3310 euge,
847 3252 965 3305 canore,
987 3232 1064 3291 vola.

355 3316 417 3378 Sed
437 3318 555 3394 placide
576 3318 716 3393 eloquere
732 3319 818 3390 haec,
841 3338 880 3376 ne
894 3318 974 3376 forte
987 3319 1033 3375 vir
1046 3319 1163 3379 excitus
1174 3320 1207 3377 in
1220 3335 1268 3376 me

395 3403 477 3460 Iram
499 3403 668 3480 distringat,
693 3404 912 3480 zelotypasque
934 3403 1045 3461 minas.

354 3485 440 3559 Quod
461 3488 488 3545 si
505 3488 589 3546 illam
611 3489 754 3562 adduces,
777 3488 908 3564 spolium
929 3488 984 3545 tibi
1006 3488 1120 3565 grande
1141 3488 1255 3561 leonis,

396 3571 436 3628 Et
458 3572 597 3631 manibus
621 3573 740 3632 dabitur
763 3573 853 3632 clava
873 3573 1017 3650 gerenda,
1033 3570 1140 3631 Culex.
