3059 4492
293 653 394 729 δίδου,
417 653 455 716 τὰ
481 653 695 756 δυσβάστακτα
715 658 769 734 τῆς
789 652 889 736 ἀρχῆς
874 653 989 736 ςβοίη
952 675 989 736 ρη

293 737 434 800 δούλοισι
455 758 583 813 πιστοις,
603 762 619 800 τ
626 738 794 841 ἀσφαλὲς
813 740 868 798 366
890 741 947 798 666
968 738 1037 820 βιοῦ

293 845 399 927 σριυτιμ
418 822 503 906 μόνῳ
525 822 575 903 δὴ,
596 846 640 906 τῳ
661 820 862 968 φιλαγέρύπνιμ
882 843 915 882 τε
939 827 995 886 σού
1070 867 1074 874 -

291 906 347 974 τὰς
366 883 410 977 ε’ίς
431 907 467 969 σὲ
484 883 718 1011 προσδοκῶντος
743 905 870 974 ἐλπιδας
890 907 963 989 λεῷ.

292 993 426 1074 κράτους
451 989 567 1094 ὁμοίως
589 988 794 1054 Κελτικοῦ
762 1013 800 1052 τα
821 991 926 1094 καίρια

292 1079 360 1144 ταῖς
385 1079 453 1143 σαῖς
473 1074 632 1182 μερίμναις
645 1057 852 1184 οἱσραλῶς
826 1075 979 1177 επίτρεπε.

295 1163 327 1224 6
314 1159 454 1308 όκόσμος
473 1161 492 1242 ἡ
514 1158 653 1241 εὐγένειά
676 1159 700 1222 τ’
727 1160 900 1241 ἀλκίμου
879 1156 1002 1240 τρόμου

294 1243 362 1308 τότ
369 1244 621 1348 ἀξίωμριδ
544 1246 638 1308 καλὸν
664 1244 836 1352 ἐξετάζεται

294 1269 331 1392 66
350 1334 406 1392 τοῦ
431 1328 539 1436 δικαίῳ
556 1327 715 1392 πλείον
699 1353 718 1412 η
743 1329 868 1410 πλούτῳ
890 1325 1008 1431 νέμειν,

295 1411 463 1518 βουλην
431 1435 448 1475 τ
487 1412 610 1496 ἀρίστην
633 1413 752 1517 πρόσθε
773 1417 833 1473 τῶν
856 1408 1008 1520 δῶρων”
990 1431 1084 1494 εχειν,

293 1501 361 1605 ἥτις
382 1499 458 1560 τά
448 1494 1168 1606 3666,1612666106666666'066.

294 1582 410 1690 νόμος
414 1581 449 1644 δὲ
469 1582 520 1643 καὶ
541 1584 574 1645 τὸ
595 1583 838 1695 δυσπαραίτητον
856 1579 965 1663 66666,

295 1669 348 1731 καὶ
372 1671 433 1730 τῶν
454 1669 593 1729 παλαιῶν
616 1667 718 1751 κύριαι
744 1666 831 1735 δόξαι
852 1667 958 1748 σοφῶν

295 1753 425 1816 ἕκαστον
451 1749 535 1834 ἐντρ’
521 1773 629 1814 τουσι
650 1751 787 1858 κοσμίως
807 1752 904 1854 66666,

296 1837 335 1940 τδρ
358 1837 511 1940 συγγενῶν
532 1859 565 1898 τε
589 1836 709 1920 χρηστὰ
732 1833 984 1941 ιηωφρονίσματα,

295 1920 332 2007 χ’
354 1941 375 2002 η
398 1907 626 1984 νουθετούντων
648 1943 742 2006 φροντ
732 1919 769 1988 ὶς
793 1917 938 2026 εντρεχὴς
960 1917 1070 2000 φιλων,

298 2008 315 2069 ό
344 2006 503 2087 δυσμενῶν
525 2028 558 2066 τε
577 2007 755 2088 κατάγελως
777 2002 814 2066 τὰ
842 2003 1007 2085 σφάλματα

297 2093 359 2152 τῶν
380 2089 597 2172 χειροδείκτως
619 2089 768 2198 εμρανιΓ
754 2110 849 2152 οντων
868 2074 975 2152 Ιπολύς.

299 2175 412 2249 σοὶδ,
436 2173 461 2234 ῶ
484 2175 634 2278 κράτιστε,
651 2173 696 2278 χ’
710 2175 734 2236 ὧ
759 2171 961 2275 λογισμὸς,”
941 2170 1009 2253 ητ’
1038 2169 1128 2255 ἄκρα,

297 2258 406 2341 νόμοις
427 2257 581 2342 πατριόοις
603 2259 640 2340 ἣν
664 2282 697 2322 νε
689 2259 816 2364 ’μεις,..
801 2253 936 2330 ἐξουσία,

297 2345 350 2406 καὶ
373 2347 427 2424 τῆς
452 2343 613 2426 τεκούσης
622 2345 653 2406 αἱ
677 2341 874 2448 ριλόστοργοι
892 2362 955 2443 φρε
941 2338 1007 2400 Ξε’ν
975 2378 1018 2416 3,

297 2451 317 2511 η
340 2451 356 2488 τ
360 2425 589 2512 ἀύταδέλιρου
612 2427 789 2534 πιστόφρων
815 2423 929 2506 όμιλία,

297 2513 350 2575 καὶ
372 2517 432 2573 τῶν
455 2513 574 2594 λεῶνί,
601 2534 758 2617 φροντις
744 2481 891 2592 εὐπειίλὴς
913 2509 1008 2609 πάρα.

256 2598 333 2678 πρὸς
357 2601 412 2659 τοῦ
434 2597 554 2659 τελείου
576 2596 731 2704 βασιλέως
753 2597 880 2658 καλτ
827 2617 880 2676 νητ
883 2597 992 2699 ρεκοός

300 2678 381 2787 ἔστιν
406 2683 583 2765 φιλῆσαι
555 2704 608 2764 την
616 2681 725 2786 δίκην,
756 2681 819 2785 σάφ
823 2677 981 2740 ὀἶσθ”’
963 2701 1020 2758 οτι,

301 2766 393 2850 ῥύσαι
416 2788 448 2828 τε
470 2765 613 2849 πλήθη
599 2771 651 2848 τῆς
675 2764 857 2848 ἐπειγούσης
880 2762 963 2845 δύης,

300 2851 329 2914 ἀ
328 2849 499 2933 γαδους
461 2876 482 2932 μ
501 2873 515 2912 ν
540 2850 652 2930 αὔξειν,
673 2851 724 2912 καὶ
746 2847 960 2913 κολούσασδαι
984 2846 1108 2923 κακοὺς,

299 2937 412 3039 κράτος
433 2941 576 3044 πατρῷρν
599 2936 651 3018 τήν
675 2958 708 2997 τε
728 2940 784 3017 γῆν
807 2933 999 3007 ἑπαυίάνειν,

297 3019 383 3084 τοῦτ’
410 3018 448 3123 66
475 3021 594 3128 μονάρχ
617 3043 643 3097 ν,
667 3021 800 3102 δῆλον
785 3041 827 3085 ως
845 3021 934 3101 τηρεῖ
940 3015 1057 3162 μέγαν.

257 3104 284 3166 ῶ
305 3103 445 3188 πάνσοφ’
448 3149 457 3180 ,
477 3103 509 3166 εί
529 3128 577 3166 σοι
633 3109 712 3167 οῦσοι
730 3101 888 3183 παρθένου
910 3101 1009 3183 μέλει,

299 3190 387 3258 ἐλπὶς
408 3191 441 3252 τὸ
466 3189 609 3254 λοιπόν
598 3211 689 3264 εστιν,
709 3192 751 3256 ῶς
775 3186 919 3290 διάίομαι

299 3272 438 3337 κλὲοοσοί
464 3295 556 3357 μου
551 3275 714 3336 μολπαῖσιν
738 3269 956 3382 6666666366663

299 3358 334 3422 τό
358 3381 374 3422 τ
379 3331 560 3442 ’ἐνάρετον
558 3362 632 3430 666,
655 3358 708 3438 τήν
732 3355 758 3445 τ
781 3355 923 3438 ἀοίδιμον
945 3353 1044 3436 χάριν.

301 3442 378 3506 ὥστ’
401 3443 445 3510 εἰς
465 3444 499 3504 τὸ
522 3441 635 3544 μέλλον
660 3442 692 3504 αἱ
713 3440 820 3546 κόραι
823 3438 1004 3542 Πικταβίδρτ

299 3531 359 3613 πρὸ
362 3550 377 3597 ς
344 3523 535 3595 δΚλοίνιος
557 3525 667 3610 όχῦαις
691 3523 775 3609 μόρι’
800 3522 924 3608 ᾅσονται
947 3522 1036 3604 μέλη.

345 3627 412 3678 Fere
436 3627 469 3676 ad
493 3625 602 3677 verbum
622 3641 656 3674 ex
676 3623 837 3687 autographo
856 3619 1023 3672 Gallicano
1014 3637 1023 3670 ι
1025 3620 1098 3686 psius
1111 3633 1174 3684 μου

409 3695 473 3744 triae
492 3695 525 3743 ad
545 3709 594 3744 nos
616 3694 648 3743 ab
668 3708 699 3743 οε
717 3694 809 3744 misso.
825 3691 906 3740 Anno
926 3687 1001 3742 1578.
