3059 4492
733 491 884 583 2².-

352 658 395 717 Ut
416 675 515 734 paene
535 656 633 733 ipsius
656 657 735 727 vitae
757 658 931 717 discrimine
951 658 1023 731 vita,

395 743 497 817 thue
521 742 590 817 ipsa
612 750 728 800 constet
749 762 849 819 paene
876 743 974 802 salute
997 743 1090 804 selus.

351 829 436 906 Ergo
458 825 611 884 difficilem
633 836 790 900 quaestum
815 827 933 886 Natura
955 828 1061 888 salutis

381 912 468 972 Non
488 911 555 969 sine
576 912 701 978 difficili,
713 931 808 988 parca
830 914 933 971 labore
952 913 1042 971 dedit.

352 999 411 1057 Illa
432 997 621 1056 salutiferum
642 998 817 1055 thesaurum
840 1000 898 1055 hoc
916 1016 1035 1056 carcere
1058 999 1166 1074 sepsit,

396 1082 504 1143 Catius
524 1090 558 1139 ut
579 1072 674 1141 scires
697 1100 768 1140 esse
791 1082 889 1140 salute
913 1082 997 1142 nihil.

697 1169 782 1224 Idem
805 1166 924 1226 Graece.

353 1247 476 1315 Πόσσυς
496 1246 601 1330 ὄχλος,
621 1246 786 1331 πύσσησιν
792 1246 946 1378 ἀρημένος
968 1247 1051 1330 ἅψεα
1073 1247 1205 1323 νούσοις,

395 1333 447 1394 καὶ
468 1331 638 1413 λύμαιςρ
600 1353 638 1414 χρ
642 1335 709 1413 υιῆς
731 1331 863 1400 ἄνύυς
847 1332 1058 1415 αμειψυίμενυς

293 1433 297 1439 ’
354 1418 390 1479 ἀν
401 1415 750 1524 στυφέλυυςκνημυυς,
779 1417 814 1478 υἰν
821 1416 1077 1500 ’ἀπανθρωπυιο
1100 1414 1244 1499 Πυρήνης

397 1499 501 1584 ἄκριας
521 1499 739 1582 ἀνδρομέυις
725 1522 838 1606 ιχνεσιν
863 1501 1005 1584 αστιβέας
1052 1515 1056 1524 ’

354 1587 404 1649 τὸν
427 1588 520 1646 ποτὸν
543 1584 697 1666 ἀλόήεντα
722 1584 903 1668 μετέρχεται
926 1583 1053 1668 ἀμφὶς
1042 1605 1072 1645 εν
1097 1581 1204 1668 ὄχθοις

398 1668 585 1753 εἰργόμενον.
609 1669 721 1730 τύσσυυ
745 1671 786 1752 μὴ
811 1669 926 1732 νοσέειν
914 1669 1085 1776 πρίατυιι,

356 1756 436 1816 ὥστε
456 1755 567 1835 μάλα
558 1752 655 1836 πρό
641 1776 674 1814 τε
697 1760 740 1815 τιύ
739 1754 878 1897 ὑγιείης
894 1754 947 1836 τήν
970 1775 1083 1835 υγιειαν

358 1837 693 1947 ἀντιπρραρριπτεῖν,
715 1816 805 1900 τύντ
807 1839 910 1921 εβίυν
931 1838 989 1920 πρὸ
1009 1837 1086 1941 βίου.

354 1922 434 2008 ήρα
458 1922 547 2026 φύσις
566 1924 663 1984 πάλαι
687 1924 839 2005 ἀργαλέην
863 1922 992 2052 κομιδὴν
1017 1921 1131 2026 βιότοιο

399 2029 570 2112 φεισαμενη
592 2008 723 2110 καμάτῳ
744 2008 878 2090 θηκενὲ
865 2030 902 2068 ,π
909 2005 1091 2090 ἀργαλέῳ.
1152 2065 1155 2070 ,

356 2093 494 2195 ζωαριιὲς
515 2092 550 2152 δὲ
573 2090 649 2174 τόση
670 2115 704 2153 κ
691 2091 874 2192 ιμήλιυν
854 2112 995 2174 αμιρεπεν
1018 2091 1132 2174 εἱρκτή,

400 2175 466 2239 όττ
489 2175 580 2238 υύδὲν
606 2180 688 2258 ζωής
708 2181 810 2258 κτῆμα
833 2175 1059 2258 περισσότερον.

570 2348 621 2406 47.
665 2351 747 2406 Idem
769 2349 880 2405 lembis
904 2348 1043 2423 Traqicie

398 2427 500 2496 Πόσος
520 2428 661 2491 πόσαισιν
685 2428 780 2513 ὄχλος
803 2429 970 2511 ἐμπλακεὶς
990 2426 1102 2500 νόσοις,

355 2537 457 2582 πυιαις
478 2513 583 2575 ἀλύων
603 2517 674 2594 γυῖα
697 2512 880 2596 συντρόφοις
906 2512 1002 2587 δύαις,

355 2601 406 2660 καὶ
426 2601 643 2682 δυσπρυσώπιρ
666 2598 790 2682 βλέμμα
813 2597 989 2680 χαλκαίνων
1012 2602 1104 2680 χρυᾷ,

356 2684 406 2744 διὰ
428 2689 487 2744 τῶν
512 2682 648 2765 ἐρήμων,
669 2705 729 2745 των
752 2681 956 2763 δυσαμβυίτων
980 2683 1101 2766 βροτοῖς

356 2771 482 2850 υτιρρᾶς
505 2765 647 2869 Πυρήνης
666 2766 907 2870 όηρυδεγμύνων
931 2767 1037 2847 πυίγων

354 2851 481 2918 κόλποις
503 2852 669 2958 φαρρὶγγων
694 2849 879 2959 ἐγκρυβέντρι
901 2856 959 2912 τῶν
982 2851 1086 2912 πόνων

354 2937 578 3020 ἀλεξιτήρα,
551 2958 600 2998 τον
631 2936 806 3018 βιυσταγῆ
797 2938 890 2998 πτυὸν
955 2983 960 2995 .

356 3023 484 3097 istest
470 3019 621 3125 τοσαύτης
640 3022 765 3122 προικὸς
787 3021 873 3122 αἱρεῖ
890 3019 930 3101 μὴ
950 3020 1063 3093 νοσεῖν,

356 3109 418 3170 ὥστ
427 3104 672 3189 ἀσφαλειας
652 3128 715 3166 αντι
737 3102 955 3178 κινδυνεύεται,

356 3192 421 3276 βίον
444 3213 477 3252 τε
501 3193 606 3272 θηρῶν
628 3194 682 3250 τοῦ
705 3189 772 3274 βιυυ
795 3212 836 3271 μη
860 3188 1006 3294 φειόετυιι.

355 3273 523 3339 ἀνύυυυδ’
547 3274 670 3356 ἀρωγης
691 3274 823 3356 ιλήκεν
810 3297 829 3354 η
853 3272 942 3380 ρύσις
961 3271 1057 3355 πόρον

354 3363 405 3424 τὸν
430 3358 631 3442 δυσπόριστον
658 3359 689 3419 ἐν
707 3357 831 3440 τρόποις
851 3358 1037 3462 ἀμηχάνοις.

355 3449 397 3512 ὡς
420 3446 450 3506 δ’
477 3443 555 3506 ἔστιν
576 3445 695 3549 εῖρκτ”
660 3466 707 3510 αις
727 3443 894 3510 πλυύτυς’
883 3462 997 3524 υγιειας
1020 3439 1074 3501 dee

355 3534 501 3596 τυσυῦτυς
524 3530 556 3590 ἐν
578 3528 713 3590 τόσαισιν
737 3547 752 3589 ε
741 3526 1024 3609 γκεκλεισμενυς[,]

355 3606 398 3682 ὣς
418 3613 508 3675 οὐδὲν
533 3611 627 3693 αὐτῆς
647 3635 754 3695 χρημα
776 3611 1028 3695 τιμαλφέστερυν.
