3059 4492
724 499 784 560 uu

292 663 369 734 Τοῖς
387 661 538 734 Ἀττικοῖς
559 667 753 735 κονισσάλοις
773 667 930 748 νεωκορεῖ.

292 747 369 819 Τοῖς
389 748 553 834 εὐτυχοῦσι
575 750 626 812 καὶ
646 750 777 834 τρίμηνα
799 748 889 813 παιδί
909 795 916 809 .

293 831 357 899 Τδν
380 831 472 898 αδτδν
494 834 587 898 αἰνεῖν
608 834 659 896 καὶ
681 833 795 919 ψέγειν,
818 834 930 918 ἀνδρὸς
951 837 1058 898 κακοῦ.

293 915 357 983 Τδν
382 917 415 982 δ’
438 917 599 1002 ἐγγράφειν
621 919 665 986 εἰς
688 917 761 988 τοῦς
780 917 943 1001 Ἰαλέμους
960 916 1034 982 ἔδει.

293 999 358 1068 Τδν
381 1005 501 1172 δχῦιντοι
521 1008 583 1066 ποῦ
608 1004 635 1066 τὶ
654 1003 705 1065 καὶ
723 1005 834 1068 παθεῖν
856 1003 1022 1086 ὀφείλεται.

293 1084 358 1153 Τδν
380 1087 398 1150 ἕ

261 1255 265 1262 ι
294 1169 358 1236 Τὸν
380 1171 510 1254 πλησίον
532 1195 579 1234 τοι
600 1170 755 1235 νουθετεῖν
779 1171 840 1256 βρα
861 1171 897 1241 ῦς
916 1171 1019 1241 πόνος.

295 1253 358 1320 Τδν
378 1253 462 1319 πόδα
480 1257 610 1331 διώκεις,
632 1255 699 1339 άρτι
721 1257 775 1340 τὴν
800 1195 915 1339 ῦπέραν
935 1256 1035 1341 ἀφείς.
1064 1267 1069 1276 ’

295 1337 363 1404 Τοῦ
383 1337 538 1424 Πρωτέως
559 1339 681 1423 πέφυκε
701 1343 929 1446 ποικιλώτερος.

295 1421 363 1488 Τοῦ
384 1422 560 1509 φιλοσόφου
581 1421 727 1509 Ζήνωνος
746 1424 992 1510 ἐγκρατεστερος.

295 1505 379 1577 Τοὺς
399 1508 470 1571 εῦτυ
495 1512 603 1577 οῦντοις
627 1510 679 1572 καὶ
702 1514 826 1594 φρονεῖν
846 1510 1021 1592 νομίζομεν.

296 1589 394 1656 Τοῦτί
412 1590 444 1655 δ’
467 1531 526 1669 ἐπ’
550 1591 614 1656 ἐστ’
638 1593 706 1656 οὐδ’
731 1592 767 1656 ἂν
791 1596 807 1657 ό
829 1593 983 1658 Απόλλων
1004 1594 1101 1678 μάθη.

295 1673 388 1762 Τρεῖς
412 1677 485 1739 εἰσὶν
502 1677 608 1740 ,ἱκανοὶ
629 1702 650 1740 π
673 1679 769 1742 ωκτδν
793 1678 921 1761 ἐκμάξαι
945 1677 1038 1755 λίθοι,

341 1761 377 1826 ἂν
399 1762 458 1824 ὦσι
478 1765 616 1846 τραχεῖς·
639 1701 674 1824 fv
696 1763 731 1826 δὲ
753 1765 846 1841 λεῖοι,Ι
864 1762 1021 1847 τέσσαρες.

419 1087 514 1170 δομον
535 1088 658 1173 βοῦν,ἡ
683 1088 764 1172 σοφὴ
790 1088 921 1172 παροιμί
943 1138 950 1152 .

296 1842 354 1931 Τιγῖ
373 1846 402 1908 δ’
427 1843 466 1908 αὖ
488 1851 630 1909 πονοῦντι
650 1848 702 1910 καὶ
723 1848 799 1916 θεὸς
819 1847 1036 1993 Ευλλαμὲῖάνει.

297 1926 353 2015 Τῷ
372 1930 576 2015 πρωτοπείρω
598 1934 757 2001 παντελῶς
778 1954 933 2015 συγγνωστ
952 1953 997 1994 ον.

298 2011 368 2078 Τῶν
391 1993 601 2100 εὐτυχούντων
624 2017 734 2100 πάντες
751 2017 810 2080 εἰσὶ
831 2038 867 2078 συ
907 2018 994 2084 ενεῖς.

293 2096 491 2183 Ὑδρωπικοῦ
513 2097 675 2184 ῖηρότερόν
692 2100 779 2164 Ιἐστιν
804 2038 924 2163 οῦδεγόν.

291 2181 413 2266 ’Υγίεια
433 2185 485 2246 καὶ
507 2187 579 2252 νοῦς
597 2183 696 2248 ἐσθλὰ
713 2190 758 2270 τιγῖ
784 2184 841 2271 βίη)
865 2183 930 2248 δόο.

289 2263 399 2354 Ὕδωρ
422 2268 457 2330 δὲ
475 2269 570 2331 πίνων
592 2270 724 2353 χρηστὸν
748 2268 838 2332 οῦδέν
862 2268 898 2333 ἂν
916 2266 1024 2334 τέκοις.
1141 2310 1145 2320 ·

293 2349 391 2437 Ὑπέρ
410 2357 529 2416 καπνοῦ
550 2354 701 2436 πηδάλιον
725 2353 963 2438 ἐκκρεμάμενον.

289 2431 408 2505 Ὕπνος
428 2435 463 2500 δέ
485 2441 590 2500 πεῖναν
611 2439 664 2520 τὴν
690 2437 882 2522 κακέσχατον
903 2438 999 2520 δαμᾷ.

293 2518 373 2584 Ὑπδ
396 2526 450 2605 τῆς
466 2523 598 2604 ἀνάγκης
616 2523 715 2585 πάντα
734 2524 901 2586 δουλοῦται
919 2519 1008 2605 ταχό.

300 2605 432 2690 Φεῦγειν
457 2607 578 2674 ἁπάσας
599 2605 653 2675 τὰς
674 2608 774 2690 πάγας
797 2606 833 2670 οῦ
856 2605 970 2691 ῥηίδιον.

300 2689 413 2775 Φθόης
433 2693 603 2776 προφήτης,
625 2692 782 2774 καλάμινα
801 2691 895 2774 σκέλη
917 2694 1035 2774 φορῶν.

300 2773 395 2839 Φιλεῖ
413 2775 449 2838 δέ
465 2781 509 2861 τῷ
530 2777 674 2859 κάμνοντι
697 2776 880 2838 συσπεόδειν
901 2773 985 2843 θεός.

301 2857 488 2923 Φιλιππίδου
511 2858 694 2944 λεπτότερον
716 2861 872 2930 ἀποδείξει
892 2860 983 2945 τάχα.

302 2941 402 3008 Φίλου
422 2943 556 3029 τρόπους
575 2943 716 3028 γίνωσκε,
740 2945 873 3029 μισήσῃς
895 2944 930 3006 δέ
947 2944 1002 3049 μή
1021 3015 1026 3023 ,

299 3024 447 3093 Χαλεπὸν
468 3029 602 3113 ζητοῦσά
620 3050 667 3092 τοι
688 3032 900 3113 σκυτοτραγεῖν
922 3049 1016 3090 κυων.

299 3109 409 3197 Χάραν
435 3115 539 3200 λαβὼν
563 3110 712 3198 μέμνησο,
732 3114 784 3177 καλ
801 3111 873 3181 δοὺς
889 3111 1050 3174 ἐπιλάθου.
1073 3109 1211 3194 [χάρινῖ]

300 3194 377 3282 Χεὶρ
401 3200 493 3282 χεῖρα
513 3198 618 3274 νίπτει,
640 3199 788 3266 δάκτυλος
808 3198 859 3261 τὸν
881 3197 1039 3259 δάκτυλον.

300 3278 427 3368 Χειροῖν
450 3282 505 3365 μὲν
527 3282 571 3364 ἀμ
598 3287 657 3359 οῖν,
677 3283 714 3346 οὐ
736 3287 800 3365 μιᾷ,
823 3279 1029 3366 δωρούμενος.
1057 3281 1175 3363 [χεροῖν
1184 3279 1212 3357 ί]

300 3361 380 3454 Χῖος
400 3365 560 3450 παραστὰς
574 3305 668 3432 Χῶον
690 3366 746 3430 οὐκ
770 3366 808 3450 ἐᾷ
828 3365 938 3449 λέγειν.

299 3445 402 3537 Χρεία
423 3451 571 3527 διδάσκει,
590 3448 644 3535 κᾷν
669 3450 808 3534 ἄμουσος
833 3447 860 3526 ’,
882 3447 990 3534 σοφόν.

299 3528 371 3622 Χρὴ
395 3535 423 3598 δ’
447 3536 534 3602 ἐκτὸς
555 3534 627 3599 ὄντα
648 3536 798 3621 πημάτων
820 3474 858 3596 ίθ
879 3531 957 3595 δεῖν’
981 3534 1066 3617 ῦρᾷν.

300 3612 430 3706 Χρυσοῦ
454 3622 621 3688 λαλοῦντος
640 3624 700 3689 τοῖς
722 3618 914 3704 ἀπρακτείτω
939 3620 958 3679 λ
977 3639 1040 3698 γος.

300 3701 409 3792 Χωλιῦ
425 3709 582 3790 παροικῶν
605 3701 661 3788 κᾷν
685 3705 739 3781 ἑνὶ,
763 3705 882 3776 σκάζειν
905 3700 1025 3785 μάθοις.
