3059 4492
644 459 797 566 jn—

262 639 402 702 Haerens
426 640 577 715 humoque
599 640 678 700 fixus
701 643 786 702 ensis
809 643 917 720 arguit.

572 726 601 782 3.
626 724 755 802 Stroplta
779 729 871 787 VIII.

264 807 317 868 Ch.
363 807 434 866 Heu
457 808 602 868 miserum
624 829 738 870 casum.

264 894 349 952 Tene
372 894 539 954 cruentasti

262 979 437 1038 Amicorum
462 979 590 1037 carens?

261 1065 367 1142 Egone
389 1082 426 1122 eo
446 1082 542 1138 usque
564 1065 675 1142 stipes:
698 1087 753 1144 ego

261 1149 308 1206 Ita
326 1148 487 1226 negligens
507 1149 551 1206 fui
571 1150 684 1210 huius?

261 1233 333 1306 Hic,
360 1233 411 1291 hic

263 1319 422 1390 Pervicus,
444 1325 532 1392 atque
555 1320 602 1392 sui

262 1404 348 1461 Iacet
371 1403 482 1461 ominis
503 1403 592 1460 Aiax.

169 1533 170 1550 .
263 1488 336 1546 Tec.
379 1486 477 1546 Nefas
498 1488 611 1546 videre.
637 1507 740 1547 verum
766 1507 823 1566 ego
847 1489 934 1548 huius
953 1489 1040 1565 pallii
1195 1486 1248 1543 915

263 1574 374 1632 Totum
395 1572 569 1631 obvolutum
590 1592 697 1650 corpus
720 1574 850 1632 amiectu
870 1574 1022 1652 obtegam.

261 1658 405 1732 Namque
423 1656 521 1730 illum,
542 1659 656 1717 amicus
682 1659 709 1718 si
730 1660 798 1734 quis
821 1667 878 1731 est,
902 1668 1010 1718 contra
1030 1660 1116 1717 obtui

260 1744 336 1803 Nou
363 1751 455 1816 queat
475 1744 594 1802 anhelis
613 1743 802 1802 follicantem
823 1745 960 1817 naribus,

262 1831 302 1887 Et
326 1847 366 1885 ex
389 1839 513 1886 cruento
536 1829 661 1888 vulnere
684 1838 783 1887 atrum
806 1829 995 1906 sauguinem.

261 1914 334 1972 Heu
358 1911 481 1986 misera,
502 1913 573 1989 quid
591 1916 702 1992 agam?
726 1915 794 1990 quis
816 1922 847 1972 te
868 1914 1034 1973 amicorum
1052 1913 1180 1972 efferet?
1196 1911 1249 1967 9²20

261 1999 324 2058 Ubi
346 1997 483 2056 Teucer?
506 1999 638 2073 adesset,
659 2000 806 2074 siquidem
829 2000 962 2073 adesset,
979 1998 1120 2075 tempori,

263 2083 319 2144 Sui
344 2083 474 2140 cadaver
494 2083 597 2144 fratris
620 2093 653 2143 ut
675 2093 883 2162 componeret.

263 2167 375 2244 Qualis
402 2169 448 2226 vir
469 2170 563 2241 Aiax,
587 2170 716 2244 qualiter
738 2172 833 2230 miser
844 2171 939 2242 iaces,

261 2253 472 2313 Miserandum
495 2263 525 2311 et
546 2253 623 2330 ipsis
645 2256 783 2315 hostibus
806 2250 1028 2332 spectaculuml

546 2343 573 2396 l.
596 2341 789 2417 Antiatroplza
810 2342 909 2400 XIII.

265 2423 320 2483 Ch.
366 2423 489 2481 Labore
509 2443 581 2501 ergo
604 2425 741 2501 improbo

263 2509 429 2579 volueras,
452 2509 599 2568 miseriis-

266 2612 340 2668 -que
363 2592 494 2669 fungier,
518 2594 689 2669 etquidem

264 2679 402 2737 Functus
427 2696 470 2735 es.
496 2680 689 2754 usqueadeo

265 2763 343 2823 Mihi
365 2761 439 2824 talia

263 2847 394 2906 Perdius
416 2848 478 2904 acri
498 2848 600 2906 animo

264 2932 426 2992 Gemendo
449 2933 536 3008 signa
557 2933 618 2990 iam
640 2934 735 2992 dabas

263 3018 428 3090 Hostifica,
452 3026 482 3074 et
505 3037 623 3092 pernox

263 3104 349 3180 Erga
370 3103 496 3162 Atridas
521 3103 623 3164 duces.

264 3189 314 3247 Ea
336 3187 403 3261 fuit,
425 3206 462 3244 ea
483 3187 561 3248 labis

265 3272 415 3349 Princeps
435 3273 517 3332 dies:
540 3290 616 3348 quae
637 3271 720 3328 dedit
827 3305 829 3309 -

264 3357 416 3415 Iudicium
439 3376 508 3414 acre
529 3358 589 3416 vir·

267 3443 363 3502 -tutis
378 3451 409 3500 et
431 3459 503 3520 ergo
526 3441 655 3502 Achillis
681 3460 767 3498 arma
789 3441 922 3499 tradidit.

267 3528 341 3586 Tec.
371 3528 471 3586 Eheu!
937 3524 940 3533 '

266 3612 324 3672 Ch.
352 3611 531 3682 ,Generosa
553 3632 624 3672 cura
644 3612 747 3690 penita
768 3611 879 3672 transit
897 3610 1025 3668 viscera.
1148 3639 1152 3643 -
1181 3607 1234 3663 938

267 3699 342 3758 Tec.
365 3698 466 3758 Eheu!
