3059 4492
646 462 797 556 go}—

546 625 648 703 Αἰετὲ,
668 627 750 690 τίπτε
769 624 912 712 βέβηκας
1113 633 1182 712 γ32

262 713 361 792 Cuius
384 732 441 791 age
460 713 569 772 insidis
593 713 708 773 tumulo
733 715 842 791 regino
860 714 1042 773 volantum?

165 849 167 870 ,
308 797 407 858 Curvo
429 798 531 857 Deum
553 808 707 858 oeternum
730 799 864 876 suspicis
887 801 1134 859 astronomum?

165 875 167 958 ῗ
261 884 383 946 Umbra
404 883 546 942 Platonis
573 904 643 962 ego.
667 885 745 943 eseli
763 885 815 942 hio
836 884 875 941 ad
894 885 1009 961 templa
1029 886 1159 946 volavit·

310 969 479 1028 Terrenum
500 968 590 1028 tellus
611 971 715 1029 Attico
736 988 849 1046 eorpus
872 969 974 1028 habet

512 1131 575 1196 Καὶ
593 1139 670 1208 πῶς,
693 1135 721 1197 εἰ
734 1135 786 1216 μὴ
812 1135 939 1220 Φοῖβος.
1113 1142 1181 1217 γ32

165 1205 166 1308 β
264 1221 310 1281 Ni
329 1221 420 1280 Pluto
444 1221 482 1279 de
501 1221 625 1280 Phoebo
648 1221 776 1282 Graecis
799 1223 879 1281 foret
902 1224 1011 1297 editus,
1032 1226 1134 1300 ecquis

165 1317 166 1322 ’
311 1305 370 1380 Qui
391 1308 514 1366 morbos
534 1309 643 1367 animis
665 1317 728 1366 arte
749 1308 876 1381 levaret,
898 1309 982 1367 erat?

165 1385 166 1394 ’
264 1391 349 1452 Nam
370 1392 465 1450 veluti
484 1394 604 1451 morbos
628 1401 712 1452 satus
736 1393 792 1450 hoo
813 1393 996 1470 Aesulspius
1018 1412 1124 1454 omnes

311 1475 500 1555 Corporeos,
521 1479 641 1538 onima'e
662 1479 706 1536 sio
727 1477 841 1536 levat
831 1497 900 1554 npse
920 1479 1018 1538 Pluto.

526 1643 644 1728 Φοῖβος
667 1641 777 1725 ἔφυσέ
790 1643 919 1727 βροτοῖς.
1113 1651 1181 1727 γ32

266 1730 326 1790 lust
347 1731 435 1790 Plato
459 1731 496 1791 de
506 1731 630 1790 Phoebo
652 1739 749 1804 satus,
775 1739 823 1790 est
838 1732 1032 1808 Aesolapius‚
1056 1735 1160 1794 ambo:

312 1816 372 1874 Hio
396 1817 490 1875 animi
512 1825 546 1875 ut
566 1817 713 1890 medicus,
735 1816 870 1892 eorporis
892 1817 946 1874 ille
965 1818 1055 1876 foret.

269 1899 458 1960 connubiale
479 1902 601 1979 epulum
623 1902 781 1960 celebrans
804 1902 945 1978 migravit
965 1903 997 1959 in
1019 1905 1135 1977 urbem,

312 1985 409 2060 Quem
431 1987 516 2045 Iovis
538 1989 570 2044 in
592 1987 692 2064 patris
715 1986 847 2044 oondidit
867 1985 935 2062 ipse
962 1987 1030 2045 sibi.

526 2116 639 2233 Θαῦιια
661 2151 770 2235 τέχνης
793 2149 918 2233 ταύρου.
1134 2153 1182 2214 ὃὸ

266 2240 351 2301 Artis
375 2259 452 2316 opus
474 2243 569 2299 mirae
593 2242 711 2318 speeies
736 2241 875 2316 taurique
897 2239 1030 2316 virique3

309 2325 366 2384 Vir
384 2332 514 2399 taurum,
534 2326 663 2385 tendens
683 2327 820 2384 membra
838 2325 956 2397 labore,
976 2325 1097 2402 premit,

267 2409 388 2468 Inflexa
406 2411 534 2483 cervice,
557 2430 708 2486 manuque
728 2411 859 2470 obnixus
881 2418 1023 2486 utroque3

309 2493 380 2553 Hac
400 2515 503 2568 nares,
523 2496 578 2553 illa
599 2513 710 2554 cornua
729 2514 839 2570 pressa
859 2504 952 2554 tenet.

268 2581 393 2656 Iamque
411 2581 505 2656 pedes
528 2580 680 2639 labefecit.
701 2585 743 2638 At
763 2581 839 2638 bueo
858 2581 889 2637 vi
910 2581 990 2638 vieto
1005 2581 1162 2638 domantur

310 2663 456 2742 Sublapsi
474 2673 556 2725 retro
578 2666 659 2724 oolla
680 2666 790 2742 supina
809 2666 878 2724 feri.

270 2748 392 2826 Siquid
413 2751 590 2810 coniicimus
613 2751 712 2826 (tanta
732 2760 780 2810 est
802 2751 850 2810 vis
871 2751 961 2828 ortis)
984 2751 1112 2809 anbelus

308 2836 365 2895 Vir
390 2836 499 2894 sudore
520 2836 597 2908 fluit,
620 2836 718 2912 spirat
739 2837 771 2893 in
794 2855 866 2893 nere
884 2837 958 2894 fers.

535 2997 612 3084 Χείρ
637 3023 674 3081 με
697 2998 917 3062 Πολυκλείτου.
1097 3032 1107 3056 r
1133 3001 1181 3062 δ8
1214 3006 1250 3055 30

268 3084 451 3148 Salmoneus
466 3109 523 3166 ego
535 3108 612 3162 sum,
621 3087 800 3164 Polycletus
814 3106 905 3163 opus:
918 3085 970 3145 ille
987 3108 1044 3166 ego
1054 3107 1181 3165 magnus

309 3171 501 3247 Salmoneus,
523 3173 593 3232 telis
618 3175 669 3248 qui
688 3173 772 3232 Iovis
796 3173 964 3248 obstrepui,

266 3255 386 3317 Rursus
412 3260 490 3333 apud
512 3277 618 3318 manes
639 3277 747 3316 vexor.
764 3264 936 3332 mutamque
952 3275 1079 3333 perosus

306 3342 459 3416 Formam,
480 3344 624 3402 fulmineo
644 3343 771 3402 caelitus
791 3343 861 3419 igne
882 3343 968 3418 petit.

265 3424 364 3485 Peroe
386 3429 506 3502 animis,
529 3427 644 3486 fulmen
666 3446 770 3504 preme
786 3427 933 3504 Iuppiter,
957 3446 996 3484 en
1015 3445 1070 3503 ego
1090 3426 1182 3484 inane

309 3511 449 3590 Signum,
472 3533 539 3572 oum
561 3523 644 3572 muto
667 3513 750 3571 bella
771 3513 843 3586 quid
863 3531 933 3570 aere
955 3511 1057 3589 geris?
