3059 4492
708 494 859 589 -ιυυ-

208 734 211 738 ·
329 655 539 742 Χυδαιότερος
560 657 753 742 ὀχλαγωγίας
772 662 931 742 πυλαϊκῆς.

329 739 435 825 Χωρλς
454 740 492 803 τὰ
513 738 629 804 Μυσῶν
648 744 700 806 καὶ
720 744 852 828 Φρυγῶν
876 744 1037 827 ὁρίσματα.

328 823 435 910 Χωρλς
456 823 490 888 τό
511 824 539 888 τ’
563 827 657 889 εἰπεῖν
678 829 792 909 πολλὰ,
815 828 923 891 καὶτὰ
944 827 1059 911 καίρια.

329 908 441 995 Ψυχῆς
462 910 613 994 νοσούσης
632 911 706 974 εἰσὶν
731 913 829 997 ἰατροὶ
849 911 947 995 λόγοι.

330 992 445 1058 Ψωλδν
463 993 607 1076 γενέσθαι
630 997 680 1058 δεῖ
698 997 733 1059 σὲ
753 997 845 1082 μέχρι
866 995 1021 1080 μυρρίνου.
1055 1062 1057 1065 ,

323 1074 364 1140 Ὢ
389 1077 483 1140 πλέον
502 1078 592 1147 ἵλαος
613 1080 744 1165 αἱμύλης
765 1082 936 1149 ἀλώπεκος.

327 1159 439 1226 Ὠδῖνα
455 1163 545 1226 τίκτει
567 1161 619 1233 νδῖ
639 1166 809 1250 κυβερνήτῃ
834 1171 934 1250 σοφῷ.

324 1242 431 1308 Ὤδιν’
455 1245 474 1310 ὅ
494 1245 687 1332 υς,’κᾴ’πειτα
713 1255 770 1332 μῦν
790 1250 966 1313 ἀπέκτεκεν.

328 1326 420 1415 Ὠνὴν
441 1270 535 1400 τιθεὶς
555 1333 607 1395 καὶ
627 1338 748 1416 πρᾶσιν,
771 1338 814 1403 ὡς
834 1333 940 1403 Φοῖνιξ
962 1331 1050 1416 ἀνήρ.

324 1409 476 1497 Ὤρουσεν
502 1415 592 1485 ίππος
615 1417 650 1480 ἐκ
673 1419 891 1504 βραδυσκελιῖιν
914 1417 1004 1482 ὄνων.

326 1495 382 1566 Ὣς
403 1499 506 1582 ἀγαθὰ
526 1502 700 1588 συλλήβδην
724 1503 844 1566 ἅπαντά
864 1526 913 1566 σοι
932 1500 1030 1586 φέρω.

327 1579 382 1650 Ὡς
405 1582 522 1666 ἀγαθόν
547 1584 608 1647 ἐστ’
634 1586 810 1669 ἐπωνυμίας
830 1587 948 1655 πολλὰς
968 1585 1088 1733 φέρειν.

326 1663 382 1734 Ὡς
405 1665 468 1730 ἔστι
489 1691 541 1750 μοι
562 1670 596 1732 τό
617 1675 724 1754 χρῆμα
744 1677 834 1734 τοῦτο
854 1673 925 1756 περὶ
944 1695 966 1733 π
987 1671 1037 1734 δα.

324 1748 382 1818 Ὣς
404 1750 542 1821 εὐκόλως
563 1754 720 1816 πίπτουσιν
746 1757 778 1818 αἱ
802 1757 940 1840 λαμπραὶ
959 1753 1059 1839 τύχαι.

326 1832 383 1902 Ὣς
403 1836 462 1918 ἡδύ
486 1837 538 1900 τὰν
560 1838 719 1901 θάλασσαν
742 1839 803 1903 ἀπδ
826 1845 879 1908 τᾶς
898 1845 952 1922 γᾶς
973 1841 1057 1922 όρᾷν.

326 1916 382 1987 Ὣς
401 1920 460 2003 ἡδὺ
483 1925 548 1990 τοῖς
569 1927 693 2006 σοφοῖσι
717 1926 892 2007 μεμνῆσθαι
913 1924 1026 1986 πόνων.

324 2001 380 2071 Ὧς
400 2005 459 2087 ἡδύ
483 2029 529 2069 τοι
552 2006 692 2070 σωθέντα
717 2010 892 2092 μεμνῆσθαι
913 2007 1027 2071 πόνων.-

326 2085 382 2156 Ὣς
405 2091 481 2173 μήτε
502 2095 632 2175 κροῦσαι
654 2091 726 2175 μήθ’
750 2094 825 2178 ύπὲρ
845 2096 952 2179 χεῖλος
974 2094 1089 2176 βαλεῖν.

326 2169 382 2239 Ὣς
404 2172 463 2258 οὐχ
482 2176 640 2260 ὑπάρχων,
666 2177 746 2240 ἀλλὰ
767 2178 1006 2262 τιμωρούμενος.

321 2250 440 2341 Ὥσπερ
463 2259 500 2322 τὰ
524 2265 602 2323 σῦκα
626 2264 719 2324 τοῖσιν
744 2262 921 2346 ὀφθαλμοῖς
944 2260 1014 2345 ἔφυ.

328 2338 502 2425 Ἀβυδηνὸν
523 2343 711 2450 ἐπιφόρημα.
734 2344 867 2410 Ναύσων
890 2346 1073 2431 Ναυκράτει.

326 2423 572 2511 Ἀγαμεμνόνεια
595 2451 723 2512 φρεατα.
746 2428 831 2499 Βοῦς
854 2432 904 2495 ἐπὶ
927 2431 1027 2512 ζυγὸν.

326 2505 590 2595 Ἀγαμεμνόνειον
616 2514 715 2578 δαῖτα.
735 2512 838 2584 Βόλος
854 2513 1016 2600 Ἀχαϊκόν.

326 2591 446 2678 Ἀγορὰ
467 2595 604 2664 Λύκειος.
625 2596 765 2667 Καλλίας
781 2601 973 2684 πτερορρυεῖ.

327 2674 463 2761 Ἀγορᾶς
483 2679 617 2763 ἄγαλμα.
639 2680 721 2745 Θατέ
742 2707 768 2766 ῳ
789 2685 1008 2770 παραβλέπων.

323 2759 455 2842 Ἀγουσι
476 2765 527 2827 καὶ
575 2763 689 2848 έρουσι.
710 2705 880 2832 θυιάιτειον
901 2768 963 2838 οῦς.

325 2843 437 2915 Ἀδεὲς
458 2846 528 2916 δέος
555 2847 705 2917 οέδοικας.
724 2849 888 2935 Ἀργείους
910 2856 994 2938 δρᾷς.

325 2927 484 2994 Ἀδύνατα
507 2932 614 3018 θηρᾷς.
637 2930 691 3002 Είς
713 2935 790 3020 ἀνὴρ
812 2938 915 3006 οὐδεὶς
937 2938 1023 3022 ἀνήρ.

325 3011 396 3079 Ἀεὶ
417 3015 454 3078 τὰ
478 3014 640 3081 Θετταλῶν
663 3017 783 3083 ἄπιστα.
805 3019 994 3086 Μυσπολεῖν.

324 3095 398 3164 Ἀεί
417 3119 461 3172 τις
484 3099 515 3164 ἐν
537 3099 695 3172 Κύδωνες.
718 3101 771 3167 Ἐν
794 3106 930 3170 σκύτεσιν
952 3109 1066 3174 όνοῦς.

325 3186 548 3268 Αἰγυπτιάζεις.
570 3187 690 3256 Δοῦλος
712 3189 755 3251 ὢν
778 3189 877 3275 κόμην
898 3190 1029 3276 τρέφεις.

324 3269 492 3352 Αἰγύπτιος
514 3271 730 3358 πλινθοφόρος.
749 3274 935 3360 ’Ἀνθρωπος
959 3274 1072 3358 Θαλῖγς.

325 3353 433 3423 Αἰδὼς
453 3354 484 3418 έν
505 3356 705 3440 ὀφθαλμοῖσι.
728 3354 848 3423 Βάττου
871 3362 1000 3444 σίλφιον.

325 3435 460 3522 Αίνιγμα
481 3437 660 3506 Βοιόιτειον.
682 3443 771 3526 Αύτη
792 3446 893 3529 κυρία.

324 3519 385 3591 Αἲξ
408 3523 462 3605 τὴν
486 3526 528 3606 μά
552 3547 649 3610 αιραν.
674 3525 778 3590 Πάντα
799 3531 841 3613 μὴ
863 3529 978 3615 βούλου
998 3531 1130 3609 κρατεῖν.

325 3605 493 3689 Αἱρούντες
514 3547 690 3693 γθῦημεσθα.
715 3611 855 3675 Φωκέων
875 3614 945 3697 ἀρά.

325 3690 463 3775 Αίσχρδν
486 3697 613 3774 σιωπᾷν.
633 3691 685 3756 Ἐν
707 3695 904 3777 παρενθήκης
926 3693 1018 3776 λόγῳ.
