3059 4492
641 486 793 582 33⁸2.

301 651 366 716 οὔτ’
382 651 475 733 Ἄρη,
499 648 536 713 ού
559 646 683 738 Βορρᾶν
706 653 798 718 ούδδν
822 651 1048 760 ἐπιστρέφεται,

259 738 310 801 καὶ
329 736 445 819 Στυγὸς
468 734 497 797 εἰ
516 735 691 816 τενάηεσσιν
714 737 852 823 ἐρέσσων
874 737 1036 820 ἑδριουντο,

302 821 436 891 ὁλκάδος
458 818 608 904 εἰσορόων
629 824 746 908 λεύφος
770 821 970 906 ύποχθονίης,

260 906 288 969 εἰ
308 907 359 970 τδν
383 905 546 988 δεσποίνης
563 905 710 990 ἀριήκοος
732 904 807 972 αύεν
829 907 960 990 ύμοκλὴ,

301 988 344 1075 ἂψ
368 990 567 1075 ἀναχωρήσει
588 991 643 1073 τὴν
663 992 829 1077 ἀθέμιστον
853 991 937 1056 ύδύν.

363 1161 510 1222 Eiusdem
530 1163 642 1241 Elegia
659 1163 736 1222 XVI
758 1163 843 1223 Libr.
863 1165 921 1223 III.
944 1165 988 1241 [4‚
1007 1164 1069 1241 17.]

259 1247 436 1347 ηουννούμαι,
453 1243 518 1320 σέο,
539 1243 659 1349 Βάκχε,
679 1245 875 1328 κυλινδηθεὶς
896 1246 981 1330 παρὰ
1003 1248 1112 1332 βωμῷ.

259 1330 448 1497 καὶαλθιιγθρ
459 1327 996 1518 ἐίδέρδάνθῗάιθεῗίιφδνάύαολλύύτνριδεάς
1015 1414 1105 1499 ὅρκον

303 1497 412 1574 δεξιὸς,
431 1496 484 1582 η’δ’
507 1496 582 1583 οἴνιρ
602 1498 692 1581 κήδε’
715 1497 934 1582 ολαλκέμενοιι.

261 1582 292 1645 ἐν
314 1582 404 1666 σοὶῆ
426 1583 481 1666 μὲν
502 1583 632 1666 ἐρῶντες
651 1582 858 1668 ἀρηρέμεν,ῆ
884 1585 918 1647 δὲ
941 1583 1091 1648 λελύσθαι

302 1663 451 1750 έμμορον.
475 1665 509 1730 ού
529 1689 567 1749 με
591 1674 711 1751 φρενῶν
731 1673 791 1731 πᾶν
815 1667 975 1752 άπύμαξον
994 1666 1077 1752 ἄγος.

259 1753 356 1814 τῶνδε
379 1751 436 1836 γὰρ
460 1751 497 1815 οὐ
519 1753 611 1835 δηλοῖ
634 1752 663 1813 α’
683 1753 849 1836 ἀδαήμονα
861 1752 884 1816 Γ
886 1754 997 1820 νιοοσὶς
1010 1753 1041 1815 ἐν
1053 1752 1175 1837 άοτροις

301 1835 382 1920 ἠέρα
403 1835 487 1919 λυγξὶ
509 1840 592 1905 τεαῖς
617 1837 808 1921 εἰσαναβᾶσα
829 1836 917 1921 κόρη.

260 1920 368 2005 μέλλει
387 1921 450 2004 μοὶ,
471 1918 506 1983 τά
528 1942 563 2003 γε
586 1922 638 2004 μοι
661 1920 852 2006 ἐνιτέτροφεν
877 1921 1020 2002 ὀστεόφιν
1044 1926 1116 2007 πῦρ,

303 2006 386 2088 μοῖρ’
409 2006 486 2088 ὀλοὴ
504 2005 645 2080 παύσειν,
664 2006 685 2088 ἢ
707 2008 777 2074 τεδς
799 2005 891 2081 οἶνος,
914 2005 999 2076 ἅναξ.

260 2090 406 2172 νηφάλιοι
425 2090 530 2158 νύκτες
552 2089 684 2173 μελέους
705 2091 856 2174 τείρουσιν
881 2091 1025 2176 ἐρῶντας,

302 2177 367 2242 τοῖς
386 2175 471 2258 πάρα
495 2174 621 2258 έλπιυρὴ
649 2175 741 2259 δεῖμά
760 2176 789 2238 τ’
810 2175 1045 2260 ἐπαμφοτέρυις.

261 2260 288 2323 εἰ
309 2258 446 2343 θερμούς
467 2261 643 2343 κροτάφους
665 2258 714 2322 ἔπι
741 2264 805 2328 σοῖς
827 2259 1018 2344 άγανύφροσι
1041 2260 1153 2343 δώροις

302 2344 396 2407 ύπνον
417 2343 448 2412 ές
471 2346 545 2407 δστᾶ
570 2343 640 2426 ἐμοὶ
661 2346 792 2430 νήχυτον
812 2343 1004 2427 άγκαλέσεις,

260 2430 371 2493 οἰνάδα
393 2427 523 2513 φιτύσοι,
544 2429 594 2492 ἐπὶ
614 2429 645 2491 δ’
667 2428 771 2513 ὄρχων
800 2429 916 2512 ὀργάδα
940 2430 1015 2491 σι’νει

303 2513 506 2598 ἐγρήσσοντος
529 2513 605 2595 ἐμεῦ
626 2515 733 2597 μηδενὶ
756 2511 939 2598 θηρύβοτον.

259 2602 389 2683 γλεῦκος
407 2600 597 2681 πεμπάζοιμι
619 2597 809 2682 κεχανδότας
833 2599 1046 2681 ἀμφιφορῆας,

301 2683 353 2746 καὶ
374 2684 514 2768 σταφυλὴ
535 2684 658 2766 χρῶσαι
678 2681 750 2750 τοὺς
768 2679 868 2750 πόδας
887 2683 1079 2758 οἰνοπάτους,

260 2768 369 2830 λοιπὸν
392 2765 436 2830 ἐνὶ
459 2769 551 2838 ζώοις
573 2770 628 2829 σεῦ
649 2766 762 2846 εἵνεκα,
786 2770 847 2829 σῶν
871 2787 905 2828 τε
923 2767 1054 2872 κεράων,

300 2849 432 2936 Βακχίε,
456 2856 510 2934 σῆς
531 2851 558 2914 τ’
582 2851 693 2934 ἀρετῆς
714 2849 890 2935 ὑμνοπάλος
911 2853 1053 2935 κλεομαι.

260 2935 393 3021 μητέρος
413 2935 450 2998 ού
472 2937 628 3022 ανοβλῆτα
650 2933 841 3020 μογοστόκου
864 2932 1040 2999 Εἰλείθυιαν

301 3020 411 3101 ἀείσω,
434 2959 558 3104 θύύοσης
579 3019 607 3082 τ’
628 3017 798 3089 Ἰνδολέτας
821 3019 959 3090 θιάσους.

258 3106 311 3169 καὶ
330 3108 474 3189 σταφυλῇ
494 3107 692 3190 φρενοπλῆγα
712 3103 850 3188 νεηγενέϊ
871 3104 1058 3187 Λυκάοργον,

304 3187 447 3272 Πενθῆος
466 3189 577 3272 κτέρεα
599 3192 627 3253 τ’
653 3190 684 3252 έν
708 3190 777 3252 δυσὶ
796 3194 968 3274 πυρκαϊαῖς.

260 3271 439 3358 Τυρρηνούς
459 3298 492 3337 τε
514 3275 613 3358 δομὴν
636 3275 743 3358 έρέτοις
766 3275 903 3358 δελφῖσιν
927 3272 1046 3340 έῖκτοὶις

301 3360 377 3442 νηδς
399 3357 459 3422 ἀπ’
481 3359 665 3428 οἰνοθαλούς
705 3359 790 3422 ένθε’
812 3357 1035 3441 ἐοηλαμένους.

162 3458 164 3493 ι
259 3444 308 3507 σοὶ
330 3443 407 3506 ποτὲ
425 3444 589 3528 μεοοατέην
615 3360 737 3507 εὐώδεα
758 3445 879 3526 νάματα
900 3439 1012 3518 Νάξον,

300 3531 362 3591 τῶν
384 3526 438 3591 ἄπ’
461 3529 651 3613 ἀράσσονται
674 3529 727 3592 σδν
745 3527 824 3612 μέθυ
846 3524 1007 3602 Ναξιάδες,

261 3613 307 3676 δει
326 3613 365 3695 ὴν
384 3611 559 3698 βριθομένην
580 3612 832 3698 κισσοτρεφέεσσι
853 3610 1022 3696 κορύμβοις

300 3635 500 3782 θαυσαρίους
517 3695 618 3781 άμπυξ
639 3696 818 3782 μιτροδέπης
841 3696 1022 3778 πλοκάμους
