3059 4492
639 519 791 614 ffl-

522 686 671 746 Soltorum
692 691 833 764 suffimen,
858 698 911 748 tus.
1129 689 1171 750 37

257 773 416 848 Aericrepi
433 771 521 845 Salii,
547 773 657 830 ancilia
678 775 784 833 Martis
806 775 963 846 habentes,

257 859 360 930 Aeris,
385 866 415 916 et
437 866 546 930 terrae,
568 866 599 916 et
619 861 718 919 maris'
733 859 883 937 indigetes
905 857 1051 936 opulenti,

257 944 421 1002 Terrarum
441 942 531 1015 tituli,
553 943 697 1020 genitalia
717 946 833 1003 semine
851 944 965 1016 mundi,

258 1029 380 1106 Quique
401 1027 619 1088 Samothracen
640 1029 812 1089 habitacula
829 1047 917 1088 saera
936 1029 1084 1102 colentes,

257 1113 391 1173 Casibus
416 1111 549 1172 eximitis
569 1133 624 1190 per
646 1115 767 1172 caerula
785 1114 987 1173 velificantem

256 1199 323 1272 Vos
345 1198 436 1274 primi
456 1216 573 1257 sacrum
596 1199 772 1258 mortalibus
794 1199 979 1271 instituistis,

257 1283 384 1343 Aeterni
405 1281 480 1344 Salii
502 1284 612 1342 ancilia
632 1285 738 1343 Martis
760 1284 924 1343 habentest
1011 1333 1014 1338 .

257 1369 416 1429 Oceanum
435 1369 570 1442 quatitis,
591 1370 714 1444 quatitis
735 1389 829 1443 mare,
849 1363 1015 1444 roboraque
1035 1368 1106 1425 alta.

257 1454 375 1512 Terrae
395 1453 577 1512 insultantes
596 1455 726 1530 pedibus
748 1454 894 1532 strepitis,
915 1455 1074 1513 rutilantes

257 1537 405 1598 Gestibus
428 1557 527 1597 arma:
551 1547 681 1598 tremunt
699 1539 865 1598 animantia
884 1541 966 1599 secla
985 1539 1128 1610 ferarum,

256 1625 297 1682 Et
316 1623 418 1700 fragor
439 1633 469 1682 et
489 1625 626 1683 fremitus
646 1626 813 1704 pervulgat·
828 1626 949 1683 caerula
967 1624 1055 1683 coeli.

256 1710 297 1768 Et
315 1709 506 1786 glomerante
528 1709 636 1785 pedum
656 1711 756 1770 sonitu
779 1718 862 1770 stant
881 1711 1006 1787 pulvere
1028 1710 1136 1779 nubes,

258 1795 300 1853 Et
321 1794 427 1851 florum
450 1795 569 1870 species
592 1795 775 1852 viridantum
795 1815 891 1853 verna
911 1796 1051 1871 patescit.

255 1878 383 1939 Aeterni
406 1879 499 1956 genii,
522 1888 611 1955 atque
631 1880 721 1940 Ioves
744 1889 775 1938 et
792 1880 935 1938 Vaeiove'
956 1879 1075 1954 quando

256 1964 359 2022 Torva
380 1963 540 2022 inimiciter
560 1973 718 2023 occurrunt
739 1965 917 2024 mortalibus
937 1966 994 2037 ira,

255 2050 422 2108 Vastantes
444 2050 615 2126 victumque
634 2059 665 2107 et
684 2070 770 2126 opes,
791 2050 938 2127 ipsosque
958 2054 1115 2108 nocentes.

255 2135 333 2192 Inde
354 2133 417 2192 loci
440 2154 550 2213 magno
574 2138 768 2195 crebrescunt
787 2154 940 2192 murmura
959 2142 1066 2210 ponto,
1108 2140 1111 2146 “

258 2218 403 2295 Stirpitus
426 2227 456 2277 et
478 2239 606 2295 quercus
631 2221 832 2296 procumbunt
856 2239 988 2297 aequore
1011 2219 1122 2294 campi,

255 2303 435 2362 Parmarum
456 2299 537 2363 flictu
557 2305 692 2365 caelesti'
713 2305 842 2365 resultat
863 2308 975 2382 imago.

256 2389 286 2450 Ο
311 2387 400 2462 Salii,
421 2397 509 2465 atque
530 2399 616 2467 potes
637 2390 833 2464 Salisubsuli,
851 2391 1078 2467 induperantes,

256 2473 425 2552 Indigetes,
446 2473 659 2557 Samothracli,
683 2484 712 2533 et
730 2476 844 2534 incluta
864 2471 974 2534 Diiovi’
997 2473 1119 2551 proles:

255 2560 384 2618 Aeterni
406 2561 506 2633 flatus,
530 2562 688 2634 animales,
711 2561 901 2635 aeriformes,

256 2645 378 2720 Quique
403 2647 490 2702 etiam
514 2645 626 2723 gemini
648 2666 702 2722 per
723 2645 801 2703 caeli
823 2645 1073 2725 templacluetis,

256 2728 429 2806 Spirantes,
454 2730 533 2804 sudi,
554 2732 703 2806 mitesque
727 2731 945 2807 salutiferique,

254 2814 424 2892 Temperii,
446 2816 600 2889 Autumni,
621 2816 705 2890 Divi,
729 2817 924 2890 medioxumi,
947 2816 1058 2874 anheli.

410 2986 481 3043 Dici
505 2989 575 3044 Ioui
594 2985 770 3045 mammona
790 2989 931 3062 suffimen,
955 2995 1009 3044 tus.
1129 2983 1171 3044 38

254 3069 504 3144 Induperatorem
525 3079 669 3148 magnum
687 3071 807 3130 telluris
830 3071 934 3143 adoro,

254 3154 453 3229 Invisnmque
473 3155 593 3239 Inuum,
614 3155 805 3230 felicemque,
829 3163 919 3230 atque
939 3154 1107 3227 Quirinum,

254 3238 443 3297 Nocturnum
462 3241 678 3314 Lucumonem,
706 3241 822 3299 obicem
842 3238 990 3298 larvatilis
1012 3238 1147 3309 umbrae,

253 3323 406 3382 Terriculi
428 3326 588 3384 auxilium:
608 3326 788 3402 desertaque
809 3326 1083 3384 concelebrantem.

254 3410 413 3483 Incubum,
437 3411 509 3470 item
530 3411 891 3489 geminum-Volturnum,
910 3408 1169 3483 multivolumque,

255 3492 573 3572 Sanguineum,atque
586 3497 741 3570 utriusque
752 3494 1040 3554 cruentumvulnere
1049 3493 1169 3554 fiatris:

225 3592 232 3603 “
254 3577 391 3639 Numine
413 3583 465 3656 qui
482 3581 602 3642 Cereris
623 3582 745 3639 mutasti
768 3599 879 3658 corpus
899 3598 1071 3652 amoenum,

255 3665 424 3724 Terrificae
447 3676 586 3726 excetrae
606 3667 765 3726 insinuans
788 3666 941 3742 serpentia
961 3665 1107 3738 membra,

255 3750 336 3809 Vota
356 3751 465 3810 lubens
488 3753 568 3828 andi,
590 3770 792 3829 ereperosque
814 3758 916 3809 averte
940 3751 1075 3824 timores,
