<?xml version="1.0" encoding="UTF-8"?>
<!DOCTYPE html PUBLIC "-//W3C//DTD XHTML 1.0 Transitional//EN"
    "http://www.w3.org/TR/xhtml1/DTD/xhtml1-transitional.dtd">
<html xmlns="http://www.w3.org/1999/xhtml" xml:lang="en" lang="en">
 <head>
  <title>
</title>
<meta http-equiv="Content-Type" content="text/html;charset=utf-8" />
  <meta name='ocr-system' content='tesseract 3.04.00' />
  <meta name='ocr-capabilities' content='ocr_page ocr_carea ocr_par ocr_line ocrx_word'/>
</head>
<body>
  <div class='ocr_page' id='page_1' title='image "./poemataomnia01scalgoog_0118.png"; bbox 0 0 3059 4492; ppageno 0'>
   <div class='ocr_carea' id='block_1_1' title="bbox 714 471 864 566">
    <p class='ocr_par' dir='ltr' id='par_1_1' title="bbox 714 471 864 566">
     <span class='ocr_line' id='line_1_1' title="bbox 714 471 864 566; baseline 0 -37"><span class='ocrx_word' id='word_1_1' title='bbox 714 471 864 566; x_wconf 58' lang='lat' dir='ltr'>„ffl-</span> 
     </span>
    </p>
   </div>
   <div class='ocr_carea' id='block_1_2' title="bbox 333 637 1081 1392">
    <p class='ocr_par' dir='ltr' id='par_1_2' title="bbox 334 637 902 716">
     <span class='ocr_line' id='line_1_2' title="bbox 334 637 902 716; baseline -0.007 -17"><span class='ocrx_word' id='word_1_2' title='bbox 334 638 411 700; x_wconf 86' lang='lat' dir='ltr'>Sero</span> <span class='ocrx_word' id='word_1_3' title='bbox 433 645 590 714; x_wconf 88' lang='lat' dir='ltr'>parentem</span> <span class='ocrx_word' id='word_1_4' title='bbox 609 646 639 694; x_wconf 88' lang='lat' dir='ltr'>te</span> <span class='ocrx_word' id='word_1_5' title='bbox 659 637 756 698; x_wconf 84' lang='lat' dir='ltr'>fuisse</span> <span class='ocrx_word' id='word_1_6' title='bbox 778 639 902 716; x_wconf 79' lang='lat' dir='ltr'>cogitas.</span> 
     </span>
    </p>

    <p class='ocr_par' dir='ltr' id='par_1_3' title="bbox 333 722 989 868">
     <span class='ocr_line' id='line_1_3' title="bbox 334 722 989 800; baseline 0.003 -20"><span class='ocrx_word' id='word_1_7' title='bbox 334 723 431 798; x_wconf 79' lang='lat' dir='ltr'>Quem</span> <span class='ocrx_word' id='word_1_8' title='bbox 449 742 510 782; x_wconf 92' lang='lat' dir='ltr'>non</span> <span class='ocrx_word' id='word_1_9' title='bbox 531 723 643 780; x_wconf 88' lang='lat' dir='ltr'>habere</span> <span class='ocrx_word' id='word_1_10' title='bbox 666 723 820 783; x_wconf 75' lang='lat' dir='ltr'>sentiebas</span> <span class='ocrx_word' id='word_1_11' title='bbox 841 732 872 782; x_wconf 92' lang='lat' dir='ltr'>te</span> <span class='ocrx_word' id='word_1_12' title='bbox 892 722 989 800; x_wconf 88' lang='lat' dir='ltr'>prius,</span> 
     </span>
     <span class='ocr_line' id='line_1_4' title="bbox 333 807 956 868; baseline -0.003 0"><span class='ocrx_word' id='word_1_13' title='bbox 333 807 510 868; x_wconf 74' lang='lat' dir='ltr'>amissione</span> <span class='ocrx_word' id='word_1_14' title='bbox 530 808 558 866; x_wconf 91' lang='lat' dir='ltr'>is</span> <span class='ocrx_word' id='word_1_15' title='bbox 582 807 680 867; x_wconf 89' lang='lat' dir='ltr'>carior</span> <span class='ocrx_word' id='word_1_16' title='bbox 702 808 800 865; x_wconf 86' lang='lat' dir='ltr'>factus</span> <span class='ocrx_word' id='word_1_17' title='bbox 821 808 877 867; x_wconf 92' lang='lat' dir='ltr'>tibi</span> <span class='ocrx_word' id='word_1_18' title='bbox 900 816 956 866; x_wconf 86' lang='lat' dir='ltr'>est.</span> 
     </span>
    </p>

    <p class='ocr_par' dir='ltr' id='par_1_4' title="bbox 334 891 1081 1223">
     <span class='ocr_line' id='line_1_5' title="bbox 335 891 1049 969; baseline 0 -17"><span class='ocrx_word' id='word_1_19' title='bbox 335 891 427 969; x_wconf 78' lang='lat' dir='ltr'>Quod</span> <span class='ocrx_word' id='word_1_20' title='bbox 450 893 477 953; x_wconf 90' lang='lat' dir='ltr'>si</span> <span class='ocrx_word' id='word_1_21' title='bbox 497 892 528 950; x_wconf 91' lang='lat' dir='ltr'>in</span> <span class='ocrx_word' id='word_1_22' title='bbox 551 891 689 950; x_wconf 90' lang='lat' dir='ltr'>dolorem</span> <span class='ocrx_word' id='word_1_23' title='bbox 709 892 754 949; x_wconf 92' lang='lat' dir='ltr'>nil</span> <span class='ocrx_word' id='word_1_24' title='bbox 775 893 863 950; x_wconf 88' lang='lat' dir='ltr'>amici</span> <span class='ocrx_word' id='word_1_25' title='bbox 884 912 1049 968; x_wconf 89' lang='lat' dir='ltr'>possumus</span> 
     </span>
     <span class='ocr_line' id='line_1_6' title="bbox 334 977 1079 1052; baseline 0 -15"><span class='ocrx_word' id='word_1_26' title='bbox 334 981 396 1037; x_wconf 84' lang='lat' dir='ltr'>Aut</span> <span class='ocrx_word' id='word_1_27' title='bbox 415 977 604 1052; x_wconf 86' lang='lat' dir='ltr'>alloquendo,</span> <span class='ocrx_word' id='word_1_28' title='bbox 628 985 680 1034; x_wconf 91' lang='lat' dir='ltr'>aut</span> <span class='ocrx_word' id='word_1_29' title='bbox 700 977 898 1052; x_wconf 63' lang='lat' dir='ltr'>increpandos</span> <span class='ocrx_word' id='word_1_30' title='bbox 919 986 951 1035; x_wconf 83' lang='lat' dir='ltr'>at</span> <span class='ocrx_word' id='word_1_31' title='bbox 969 996 1079 1037; x_wconf 82' lang='lat' dir='ltr'>aurens</span> 
     </span>
     <span class='ocr_line' id='line_1_7' title="bbox 335 1062 1081 1138; baseline 0 -16"><span class='ocrx_word' id='word_1_32' title='bbox 335 1063 409 1122; x_wconf 83' lang='lat' dir='ltr'>Flos</span> <span class='ocrx_word' id='word_1_33' title='bbox 433 1062 607 1134; x_wconf 89' lang='lat' dir='ltr'>liberorum,</span> <span class='ocrx_word' id='word_1_34' title='bbox 631 1063 682 1137; x_wconf 88' lang='lat' dir='ltr'>qui</span> <span class='ocrx_word' id='word_1_35' title='bbox 704 1070 861 1138; x_wconf 88' lang='lat' dir='ltr'>superstes</span> <span class='ocrx_word' id='word_1_36' title='bbox 883 1071 1002 1122; x_wconf 88' lang='lat' dir='ltr'>mortuo</span> <span class='ocrx_word' id='word_1_37' title='bbox 1024 1072 1081 1136; x_wconf 89' lang='lat' dir='ltr'>est,</span> 
     </span>
     <span class='ocr_line' id='line_1_8' title="bbox 335 1145 917 1223; baseline 0 -18"><span class='ocrx_word' id='word_1_38' title='bbox 335 1145 547 1222; x_wconf 82' lang='lat' dir='ltr'>Quotidianam</span> <span class='ocrx_word' id='word_1_39' title='bbox 567 1147 669 1204; x_wconf 90' lang='lat' dir='ltr'>demat</span> <span class='ocrx_word' id='word_1_40' title='bbox 688 1146 917 1223; x_wconf 80' lang='lat' dir='ltr'><strong>aegrimoniam.</strong></span> 
     </span>
    </p>

    <p class='ocr_par' dir='ltr' id='par_1_5' title="bbox 334 1230 1002 1392">
     <span class='ocr_line' id='line_1_9' title="bbox 336 1230 1002 1308; baseline -0.006 -16"><span class='ocrx_word' id='word_1_41' title='bbox 336 1231 454 1292; x_wconf 84' lang='lat' dir='ltr'>Gnatos</span> <span class='ocrx_word' id='word_1_42' title='bbox 475 1232 634 1308; x_wconf 87' lang='lat' dir='ltr'>ademptos</span> <span class='ocrx_word' id='word_1_43' title='bbox 657 1231 707 1306; x_wconf 89' lang='lat' dir='ltr'>qui</span> <span class='ocrx_word' id='word_1_44' title='bbox 726 1230 817 1290; x_wconf 90' lang='lat' dir='ltr'>nimis</span> <span class='ocrx_word' id='word_1_45' title='bbox 839 1231 1002 1304; x_wconf 76' lang='lat' dir='ltr'>desiderat,</span> 
     </span>
     <span class='ocr_line' id='line_1_10' title="bbox 334 1315 890 1392; baseline -0.004 -16"><span class='ocrx_word' id='word_1_46' title='bbox 334 1317 505 1376; x_wconf 88' lang='lat' dir='ltr'>Iniuriosus</span> <span class='ocrx_word' id='word_1_47' title='bbox 528 1315 705 1375; x_wconf 72' lang='lat' dir='ltr'>inretisses</span> <span class='ocrx_word' id='word_1_48' title='bbox 727 1325 775 1375; x_wconf 88' lang='lat' dir='ltr'>est</span> <span class='ocrx_word' id='word_1_49' title='bbox 795 1325 890 1392; x_wconf 84' lang='lat' dir='ltr'>pater.</span> 
     </span>
    </p>
   </div>
   <div class='ocr_carea' id='block_1_3' title="bbox 288 1485 1113 2744">
    <p class='ocr_par' dir='ltr' id='par_1_6' title="bbox 335 1485 1113 1733">
     <span class='ocr_line' id='line_1_11' title="bbox 339 1485 1113 1563; baseline -0.001 -18"><span class='ocrx_word' id='word_1_50' title='bbox 339 1485 388 1545; x_wconf 72' lang='lat'>14.</span> <span class='ocrx_word' id='word_1_51' title='bbox 433 1486 520 1561; x_wconf 81' lang='lat' dir='ltr'>Quae</span> <span class='ocrx_word' id='word_1_52' title='bbox 540 1505 599 1544; x_wconf 90' lang='lat' dir='ltr'>uon</span> <span class='ocrx_word' id='word_1_53' title='bbox 622 1485 796 1560; x_wconf 90' lang='lat' dir='ltr'>relinquunt</span> <span class='ocrx_word' id='word_1_54' title='bbox 817 1486 952 1562; x_wconf 85' lang='lat' dir='ltr'>corporis</span> <span class='ocrx_word' id='word_1_55' title='bbox 976 1485 1113 1563; x_wconf 80' lang='lat' dir='ltr'>vestigia,</span> 
     </span>
     <span class='ocr_line' id='line_1_12' title="bbox 335 1569 1094 1646; baseline -0.001 -16"><span class='ocrx_word' id='word_1_56' title='bbox 335 1569 406 1630; x_wconf 89' lang='lat' dir='ltr'>Non</span> <span class='ocrx_word' id='word_1_57' title='bbox 427 1589 504 1646; x_wconf 89' lang='lat' dir='ltr'>quae</span> <span class='ocrx_word' id='word_1_58' title='bbox 527 1571 645 1630; x_wconf 88' lang='lat' dir='ltr'>otiosos</span> <span class='ocrx_word' id='word_1_59' title='bbox 669 1569 795 1634; x_wconf 75' lang='lat' dir='ltr'>culcitas</span> <span class='ocrx_word' id='word_1_60' title='bbox 818 1571 992 1643; x_wconf 89' lang='lat' dir='ltr'>absorbent,</span> <span class='ocrx_word' id='word_1_61' title='bbox 1015 1590 1094 1644; x_wconf 87' lang='lat' dir='ltr'>ama,</span> 
     </span>
     <span class='ocr_line' id='line_1_13' title="bbox 337 1654 980 1733; baseline 0 -19"><span class='ocrx_word' id='word_1_62' title='bbox 337 1655 422 1730; x_wconf 83' lang='lat' dir='ltr'>Quos</span> <span class='ocrx_word' id='word_1_63' title='bbox 443 1655 586 1714; x_wconf 88' lang='lat' dir='ltr'>anserina</span> <span class='ocrx_word' id='word_1_64' title='bbox 607 1654 743 1717; x_wconf 69' lang='lat' dir='ltr'>molliter,</span> <span class='ocrx_word' id='word_1_65' title='bbox 759 1656 815 1714; x_wconf 87' lang='lat' dir='ltr'>sub</span> <span class='ocrx_word' id='word_1_66' title='bbox 838 1656 980 1733; x_wconf 84' lang='lat' dir='ltr'>stragulis</span> 
     </span>
    </p>

    <p class='ocr_par' dir='ltr' id='par_1_7' title="bbox 288 1739 1072 2412">
     <span class='ocr_line' id='line_1_14' title="bbox 288 1739 981 1817; baseline -0.003 -17"><span class='ocrx_word' id='word_1_67' title='bbox 288 1783 291 1790; x_wconf 82' lang='lat'>·</span> <span class='ocrx_word' id='word_1_68' title='bbox 336 1739 472 1800; x_wconf 79' lang='lat' dir='ltr'>Medulla</span> <span class='ocrx_word' id='word_1_69' title='bbox 494 1740 597 1798; x_wconf 87' lang='lat' dir='ltr'>condit</span> <span class='ocrx_word' id='word_1_70' title='bbox 618 1739 650 1797; x_wconf 93' lang='lat' dir='ltr'>in</span> <span class='ocrx_word' id='word_1_71' title='bbox 672 1739 832 1817; x_wconf 82' lang='lat' dir='ltr'>sepulchro</span> <span class='ocrx_word' id='word_1_72' title='bbox 850 1740 981 1816; x_wconf 88' lang='lat' dir='ltr'>plumeo.</span> 
     </span>
     <span class='ocr_line' id='line_1_15' title="bbox 336 1821 970 1901; baseline -0.002 -16"><span class='ocrx_word' id='word_1_73' title='bbox 336 1821 428 1899; x_wconf 84' lang='lat' dir='ltr'>Tun&#39;,</span> <span class='ocrx_word' id='word_1_74' title='bbox 449 1825 589 1884; x_wconf 79' lang='lat' dir='ltr'>militanti</span> <span class='ocrx_word' id='word_1_75' title='bbox 611 1825 659 1884; x_wconf 89' lang='lat' dir='ltr'>cui</span> <span class='ocrx_word' id='word_1_76' title='bbox 679 1825 847 1901; x_wconf 87' lang='lat' dir='ltr'>parabilem</span> <span class='ocrx_word' id='word_1_77' title='bbox 870 1833 970 1884; x_wconf 88' lang='lat' dir='ltr'>torum</span> 
     </span>
     <span class='ocr_line' id='line_1_16' title="bbox 321 1910 1034 1986; baseline -0.001 -17"><span class='ocrx_word' id='word_1_78' title='bbox 321 1910 458 1970; x_wconf 20' lang='lat' dir='ltr'>&#39;Hamus</span> <span class='ocrx_word' id='word_1_79' title='bbox 482 1910 642 1982; x_wconf 87' lang='lat' dir='ltr'>ministret,</span> <span class='ocrx_word' id='word_1_80' title='bbox 670 1919 760 1986; x_wconf 86' lang='lat' dir='ltr'>atque</span> <span class='ocrx_word' id='word_1_81' title='bbox 785 1910 916 1968; x_wconf 78' lang='lat' dir='ltr'>cervical</span> <span class='ocrx_word' id='word_1_82' title='bbox 936 1911 1034 1970; x_wconf 78' lang='lat' dir='ltr'>silex:</span> 
     </span>
     <span class='ocr_line' id='line_1_17' title="bbox 338 1995 1072 2072; baseline 0.001 -19"><span class='ocrx_word' id='word_1_83' title='bbox 338 1995 437 2072; x_wconf 81' lang='lat' dir='ltr'>Quem</span> <span class='ocrx_word' id='word_1_84' title='bbox 459 1995 609 2056; x_wconf 88' lang='lat' dir='ltr'>sustinere</span> <span class='ocrx_word' id='word_1_85' title='bbox 628 1995 684 2059; x_wconf 84' lang='lat' dir='ltr'>sub</span> <span class='ocrx_word' id='word_1_86' title='bbox 707 1995 782 2054; x_wconf 89' lang='lat' dir='ltr'>Iove</span> <span class='ocrx_word' id='word_1_87' title='bbox 804 2013 840 2053; x_wconf 89' lang='lat' dir='ltr'>ac</span> <span class='ocrx_word' id='word_1_88' title='bbox 861 1996 918 2054; x_wconf 90' lang='lat' dir='ltr'>sub</span> <span class='ocrx_word' id='word_1_89' title='bbox 942 1995 1072 2072; x_wconf 88' lang='lat' dir='ltr'>pellibus</span> 
     </span>
     <span class='ocr_line' id='line_1_18' title="bbox 336 2079 1039 2156; baseline -0.003 -16"><span class='ocrx_word' id='word_1_90' title='bbox 336 2080 454 2140; x_wconf 82' lang='lat' dir='ltr'>Paluda</span> <span class='ocrx_word' id='word_1_91' title='bbox 472 2099 573 2153; x_wconf 88' lang='lat' dir='ltr'>caesa,</span> <span class='ocrx_word' id='word_1_92' title='bbox 596 2079 643 2141; x_wconf 87' lang='lat' dir='ltr'>vel</span> <span class='ocrx_word' id='word_1_93' title='bbox 666 2079 801 2156; x_wconf 81' lang='lat' dir='ltr'>maniplo</span> <span class='ocrx_word' id='word_1_94' title='bbox 822 2080 942 2152; x_wconf 87' lang='lat' dir='ltr'>caricis,</span> <span class='ocrx_word' id='word_1_95' title='bbox 1037 2146 1039 2149; x_wconf 23' lang='lat'>¹</span> 
     </span>
     <span class='ocr_line' id='line_1_19' title="bbox 337 2164 975 2242; baseline -0.005 -17"><span class='ocrx_word' id='word_1_96' title='bbox 337 2164 438 2242; x_wconf 87' lang='lat' dir='ltr'>Caput</span> <span class='ocrx_word' id='word_1_97' title='bbox 454 2165 568 2224; x_wconf 87' lang='lat' dir='ltr'>recline</span> <span class='ocrx_word' id='word_1_98' title='bbox 590 2174 679 2242; x_wconf 83' lang='lat' dir='ltr'>coget</span> <span class='ocrx_word' id='word_1_99' title='bbox 702 2184 855 2223; x_wconf 88' lang='lat' dir='ltr'>armorum</span> <span class='ocrx_word' id='word_1_100' title='bbox 875 2165 975 2239; x_wconf 91' lang='lat' dir='ltr'>labor,</span> 
     </span>
     <span class='ocr_line' id='line_1_20' title="bbox 336 2250 1005 2327; baseline 0.003 -19"><span class='ocrx_word' id='word_1_101' title='bbox 336 2250 471 2309; x_wconf 83' lang='lat' dir='ltr'>Pulvillo</span> <span class='ocrx_word' id='word_1_102' title='bbox 486 2250 571 2323; x_wconf 86' lang='lat' dir='ltr'>laxa,</span> <span class='ocrx_word' id='word_1_103' title='bbox 594 2250 684 2308; x_wconf 88' lang='lat' dir='ltr'>molle</span> <span class='ocrx_word' id='word_1_104' title='bbox 703 2257 871 2309; x_wconf 85' lang='lat' dir='ltr'>tomentum</span> <span class='ocrx_word' id='word_1_105' title='bbox 891 2251 1005 2327; x_wconf 87' lang='lat' dir='ltr'>premis</span> 
     </span>
     <span class='ocr_line' id='line_1_21' title="bbox 336 2334 969 2412; baseline 0.002 -19"><span class='ocrx_word' id='word_1_106' title='bbox 336 2334 440 2394; x_wconf 87' lang='lat' dir='ltr'>Durae</span> <span class='ocrx_word' id='word_1_107' title='bbox 458 2335 631 2412; x_wconf 80' lang='lat' dir='ltr'>palaestrae</span> <span class='ocrx_word' id='word_1_108' title='bbox 653 2335 800 2393; x_wconf 92' lang='lat' dir='ltr'>dedicatis</span> <span class='ocrx_word' id='word_1_109' title='bbox 820 2336 969 2396; x_wconf 75' lang='lat' dir='ltr'>artubus?</span> 
     </span>
    </p>

    <p class='ocr_par' dir='ltr' id='par_1_8' title="bbox 336 2420 1074 2666">
     <span class='ocr_line' id='line_1_22' title="bbox 336 2420 943 2493; baseline -0.003 -14"><span class='ocrx_word' id='word_1_110' title='bbox 336 2421 441 2479; x_wconf 85' lang='lat' dir='ltr'>Labor</span> <span class='ocrx_word' id='word_1_111' title='bbox 461 2421 517 2480; x_wconf 90' lang='lat' dir='ltr'>tibi</span> <span class='ocrx_word' id='word_1_112' title='bbox 536 2439 570 2480; x_wconf 92' lang='lat' dir='ltr'>se</span> <span class='ocrx_word' id='word_1_113' title='bbox 591 2420 817 2493; x_wconf 48' lang='lat' dir='ltr'>vindicat,‚ncn</span> <span class='ocrx_word' id='word_1_114' title='bbox 838 2420 943 2478; x_wconf 92' lang='lat' dir='ltr'>otium.</span> 
     </span>
     <span class='ocr_line' id='line_1_23' title="bbox 338 2503 1074 2581; baseline -0.001 -16"><span class='ocrx_word' id='word_1_115' title='bbox 338 2503 495 2565; x_wconf 86' lang='lat' dir='ltr'>Structura</span> <span class='ocrx_word' id='word_1_116' title='bbox 512 2505 584 2562; x_wconf 86' lang='lat' dir='ltr'>lecti</span> <span class='ocrx_word' id='word_1_117' title='bbox 606 2513 654 2564; x_wconf 86' lang='lat' dir='ltr'>est</span> <span class='ocrx_word' id='word_1_118' title='bbox 675 2512 821 2577; x_wconf 87' lang='lat' dir='ltr'>stramen,</span> <span class='ocrx_word' id='word_1_119' title='bbox 845 2513 937 2581; x_wconf 89' lang='lat' dir='ltr'>atqua</span> <span class='ocrx_word' id='word_1_120' title='bbox 957 2504 1074 2564; x_wconf 81' lang='lat' dir='ltr'>culcita</span> 
     </span>
     <span class='ocr_line' id='line_1_24' title="bbox 337 2589 996 2666; baseline 0.002 -18"><span class='ocrx_word' id='word_1_121' title='bbox 337 2589 424 2649; x_wconf 89' lang='lat' dir='ltr'>Haec</span> <span class='ocrx_word' id='word_1_122' title='bbox 446 2589 616 2666; x_wconf 84' lang='lat' dir='ltr'>partiantur</span> <span class='ocrx_word' id='word_1_123' title='bbox 636 2590 741 2662; x_wconf 91' lang='lat' dir='ltr'>otium,</span> <span class='ocrx_word' id='word_1_124' title='bbox 765 2599 795 2646; x_wconf 88' lang='lat' dir='ltr'>et</span> <span class='ocrx_word' id='word_1_125' title='bbox 817 2589 906 2648; x_wconf 88' lang='lat' dir='ltr'>labos</span> <span class='ocrx_word' id='word_1_126' title='bbox 928 2589 996 2649; x_wconf 88' lang='lat' dir='ltr'>sibi.</span> 
     </span>
    </p>

    <p class='ocr_par' dir='ltr' id='par_1_9' title="bbox 339 2673 876 2744">
     <span class='ocr_line' id='line_1_25' title="bbox 339 2673 876 2744; baseline -0.004 -10"><span class='ocrx_word' id='word_1_127' title='bbox 339 2673 386 2735; x_wconf 88' lang='lat' dir='ltr'>Sit</span> <span class='ocrx_word' id='word_1_128' title='bbox 406 2675 462 2732; x_wconf 90' lang='lat' dir='ltr'>hoc</span> <span class='ocrx_word' id='word_1_129' title='bbox 485 2674 608 2744; x_wconf 88' lang='lat' dir='ltr'>laboris,</span> <span class='ocrx_word' id='word_1_130' title='bbox 630 2674 684 2731; x_wconf 91' lang='lat' dir='ltr'>illa</span> <span class='ocrx_word' id='word_1_131' title='bbox 701 2673 790 2732; x_wconf 85' lang='lat' dir='ltr'>cedat</span> <span class='ocrx_word' id='word_1_132' title='bbox 808 2674 876 2732; x_wconf 89' lang='lat' dir='ltr'>otio.</span> 
     </span>
    </p>
   </div>
   <div class='ocr_carea' id='block_1_4' title="bbox 337 2843 1077 3685">
    <p class='ocr_par' dir='ltr' id='par_1_10' title="bbox 339 2843 1077 3006">
     <span class='ocr_line' id='line_1_26' title="bbox 341 2843 1077 2920; baseline 0.001 -18"><span class='ocrx_word' id='word_1_133' title='bbox 341 2844 389 2902; x_wconf 82' lang='lat'>15.</span> <span class='ocrx_word' id='word_1_134' title='bbox 432 2844 571 2903; x_wconf 83' lang='lat' dir='ltr'>Marcore</span> <span class='ocrx_word' id='word_1_135' title='bbox 593 2861 704 2920; x_wconf 85' lang='lat' dir='ltr'>segnes</span> <span class='ocrx_word' id='word_1_136' title='bbox 725 2851 826 2919; x_wconf 76' lang='lat' dir='ltr'>atque</span> <span class='ocrx_word' id='word_1_137' title='bbox 835 2843 933 2901; x_wconf 90' lang='lat' dir='ltr'>omasi</span> <span class='ocrx_word' id='word_1_138' title='bbox 958 2844 1077 2903; x_wconf 81' lang='lat' dir='ltr'>sarcina</span> 
     </span>
     <span class='ocr_line' id='line_1_27' title="bbox 339 2927 943 3006; baseline -0.005 -19"><span class='ocrx_word' id='word_1_139' title='bbox 339 2927 476 3006; x_wconf 84' lang='lat' dir='ltr'>Castigat</span> <span class='ocrx_word' id='word_1_140' title='bbox 497 2935 579 2986; x_wconf 88' lang='lat' dir='ltr'>artus</span> <span class='ocrx_word' id='word_1_141' title='bbox 600 2927 704 3005; x_wconf 85' lang='lat' dir='ltr'>regula</span> <span class='ocrx_word' id='word_1_142' title='bbox 724 2939 754 2986; x_wconf 89' lang='lat' dir='ltr'>et</span> <span class='ocrx_word' id='word_1_143' title='bbox 774 2928 943 3006; x_wconf 84' lang='lat' dir='ltr'>frugalitas,</span> 
     </span>
    </p>

    <p class='ocr_par' dir='ltr' id='par_1_11' title="bbox 337 3012 1072 3685">
     <span class='ocr_line' id='line_1_28' title="bbox 338 3012 945 3091; baseline -0.005 -18"><span class='ocrx_word' id='word_1_144' title='bbox 338 3014 420 3073; x_wconf 86' lang='lat' dir='ltr'>Malo</span> <span class='ocrx_word' id='word_1_145' title='bbox 437 3012 593 3072; x_wconf 89' lang='lat' dir='ltr'>tussientis</span> <span class='ocrx_word' id='word_1_146' title='bbox 613 3013 751 3072; x_wconf 86' lang='lat' dir='ltr'>corticem</span> <span class='ocrx_word' id='word_1_147' title='bbox 772 3012 945 3091; x_wconf 91' lang='lat' dir='ltr'>corpusculi</span> 
     </span>
     <span class='ocr_line' id='line_1_29' title="bbox 337 3097 960 3174; baseline 0.002 -17"><span class='ocrx_word' id='word_1_148' title='bbox 337 3099 449 3158; x_wconf 86' lang='lat' dir='ltr'>Diaeta</span> <span class='ocrx_word' id='word_1_149' title='bbox 470 3097 612 3170; x_wconf 83' lang='lat' dir='ltr'>inaudax,</span> <span class='ocrx_word' id='word_1_150' title='bbox 631 3097 798 3174; x_wconf 89' lang='lat' dir='ltr'>viriumque</span> <span class='ocrx_word' id='word_1_151' title='bbox 819 3098 960 3158; x_wconf 86' lang='lat' dir='ltr'>conscius</span> 
     </span>
     <span class='ocr_line' id='line_1_30' title="bbox 338 3181 982 3261; baseline -0.003 -19"><span class='ocrx_word' id='word_1_152' title='bbox 338 3185 444 3244; x_wconf 87' lang='lat' dir='ltr'>Victus</span> <span class='ocrx_word' id='word_1_153' title='bbox 467 3190 574 3241; x_wconf 88' lang='lat' dir='ltr'>tuetur.</span> <span class='ocrx_word' id='word_1_154' title='bbox 594 3181 684 3242; x_wconf 86' lang='lat' dir='ltr'>Vitae</span> <span class='ocrx_word' id='word_1_155' title='bbox 704 3184 874 3261; x_wconf 69' lang='lat' dir='ltr'>inoffensus</span> <span class='ocrx_word' id='word_1_156' title='bbox 897 3193 982 3241; x_wconf 90' lang='lat' dir='ltr'>tenor</span> 
     </span>
     <span class='ocr_line' id='line_1_31' title="bbox 337 3268 1072 3346; baseline 0 -20"><span class='ocrx_word' id='word_1_157' title='bbox 337 3269 461 3346; x_wconf 85' lang='lat' dir='ltr'>Integra</span> <span class='ocrx_word' id='word_1_158' title='bbox 479 3269 614 3328; x_wconf 86' lang='lat' dir='ltr'>membra</span> <span class='ocrx_word' id='word_1_159' title='bbox 636 3268 716 3327; x_wconf 87' lang='lat' dir='ltr'>ducit</span> <span class='ocrx_word' id='word_1_160' title='bbox 735 3269 776 3328; x_wconf 91' lang='lat' dir='ltr'>ad</span> <span class='ocrx_word' id='word_1_161' title='bbox 795 3268 909 3327; x_wconf 85' lang='lat' dir='ltr'>calcem</span> <span class='ocrx_word' id='word_1_162' title='bbox 926 3268 1072 3340; x_wconf 87' lang='lat' dir='ltr'>ultimam,</span> 
     </span>
     <span class='ocr_line' id='line_1_32' title="bbox 339 3352 955 3425; baseline -0.006 -11"><span class='ocrx_word' id='word_1_163' title='bbox 339 3352 375 3414; x_wconf 90' lang='lat' dir='ltr'>Si</span> <span class='ocrx_word' id='word_1_164' title='bbox 392 3355 437 3414; x_wconf 91' lang='lat' dir='ltr'>uil</span> <span class='ocrx_word' id='word_1_165' title='bbox 456 3355 579 3414; x_wconf 78' lang='lat' dir='ltr'>iuventa</span> <span class='ocrx_word' id='word_1_166' title='bbox 599 3353 692 3412; x_wconf 90' lang='lat' dir='ltr'>stulta</span> <span class='ocrx_word' id='word_1_167' title='bbox 714 3355 861 3414; x_wconf 86' lang='lat' dir='ltr'>conscivit</span> <span class='ocrx_word' id='word_1_168' title='bbox 884 3353 955 3425; x_wconf 90' lang='lat' dir='ltr'>sibi,</span> 
     </span>
     <span class='ocr_line' id='line_1_33' title="bbox 338 3438 1010 3499; baseline -0.003 -3"><span class='ocrx_word' id='word_1_169' title='bbox 338 3438 459 3497; x_wconf 83' lang='lat' dir='ltr'>Effoeta</span> <span class='ocrx_word' id='word_1_170' title='bbox 479 3440 614 3497; x_wconf 87' lang='lat' dir='ltr'>membra</span> <span class='ocrx_word' id='word_1_171' title='bbox 635 3458 687 3497; x_wconf 90' lang='lat' dir='ltr'>our</span> <span class='ocrx_word' id='word_1_172' title='bbox 709 3447 850 3499; x_wconf 87' lang='lat' dir='ltr'>senectae</span> <span class='ocrx_word' id='word_1_173' title='bbox 869 3439 1010 3496; x_wconf 88' lang='lat' dir='ltr'>traderet.</span> 
     </span>
     <span class='ocr_line' id='line_1_34' title="bbox 339 3520 1001 3598; baseline 0.003 -18"><span class='ocrx_word' id='word_1_174' title='bbox 339 3520 440 3595; x_wconf 83' lang='lat' dir='ltr'>Quare</span> <span class='ocrx_word' id='word_1_175' title='bbox 460 3523 588 3583; x_wconf 87' lang='lat' dir='ltr'>lacessis</span> <span class='ocrx_word' id='word_1_176' title='bbox 609 3525 765 3598; x_wconf 88' lang='lat' dir='ltr'>questibus</span> <span class='ocrx_word' id='word_1_177' title='bbox 789 3525 907 3583; x_wconf 86' lang='lat' dir='ltr'>oaslnm</span> <span class='ocrx_word' id='word_1_178' title='bbox 930 3522 1001 3594; x_wconf 85' lang='lat' dir='ltr'>tuis,</span> 
     </span>
     <span class='ocr_line' id='line_1_35' title="bbox 340 3607 1053 3685; baseline 0.001 -21"><span class='ocrx_word' id='word_1_179' title='bbox 340 3607 430 3683; x_wconf 82' lang='lat' dir='ltr'>Quod</span> <span class='ocrx_word' id='word_1_180' title='bbox 449 3607 540 3666; x_wconf 88' lang='lat' dir='ltr'>dubia</span> <span class='ocrx_word' id='word_1_181' title='bbox 560 3616 590 3666; x_wconf 88' lang='lat' dir='ltr'>et</span> <span class='ocrx_word' id='word_1_182' title='bbox 608 3627 722 3685; x_wconf 83' lang='lat' dir='ltr'>anceps</span> <span class='ocrx_word' id='word_1_183' title='bbox 743 3610 867 3668; x_wconf 87' lang='lat' dir='ltr'>fluctuat</span> <span class='ocrx_word' id='word_1_184' title='bbox 884 3607 968 3668; x_wconf 85' lang='lat' dir='ltr'>salus</span> <span class='ocrx_word' id='word_1_185' title='bbox 987 3607 1053 3681; x_wconf 93' lang='lat' dir='ltr'>tibi,</span> 
     </span>
    </p>
   </div>
   <div class='ocr_carea' id='block_1_5' title="bbox 340 3691 1034 3770">
    <p class='ocr_par' dir='ltr' id='par_1_12' title="bbox 340 3691 1034 3770">
     <span class='ocr_line' id='line_1_36' title="bbox 340 3691 1034 3770; baseline -0.004 -18"><span class='ocrx_word' id='word_1_186' title='bbox 340 3693 441 3770; x_wconf 82' lang='lat' dir='ltr'>Quum</span> <span class='ocrx_word' id='word_1_187' title='bbox 461 3691 600 3751; x_wconf 87' lang='lat' dir='ltr'>sanitatis</span> <span class='ocrx_word' id='word_1_188' title='bbox 620 3693 749 3768; x_wconf 88' lang='lat' dir='ltr'>quisque</span> <span class='ocrx_word' id='word_1_189' title='bbox 767 3694 808 3753; x_wconf 89' lang='lat' dir='ltr'>sit</span> <span class='ocrx_word' id='word_1_190' title='bbox 829 3694 916 3752; x_wconf 81' lang='lat' dir='ltr'>faber</span> <span class='ocrx_word' id='word_1_191' title='bbox 937 3692 1034 3750; x_wconf 76' lang='lat' dir='ltr'>suas?</span> 
     </span>
    </p>
   </div>
   <div class='ocr_carea' id='block_1_6' title="bbox 0 0 1541 4492">
    <p class='ocr_par' dir='ltr' id='par_1_13' title="bbox 0 0 1541 4492">
     <span class='ocr_line' id='line_1_37' title="bbox 0 0 1541 4492; baseline 0 0"><span class='ocrx_word' id='word_1_192' title='bbox 0 0 1541 4492; x_wconf 95' lang='lat' dir='ltr'> </span> 
     </span>
    </p>
   </div>
  </div>
 </body>
</html>
