3059 4492
173 517 176 662 ῖ

641 507 792 602 ..3⁴3-

255 668 307 735 Ἐν
327 675 373 755 τῷ
398 671 521 733 δικάσαι
539 671 573 732 τδ
594 673 672 758 ταχδ
694 675 765 751 πᾶν,
789 662 936 736 ύπαίτιον.

259 755 424 824 Φειδωλδς
445 753 482 817 ού
503 777 564 840 τεῳ
609 758 730 840 ρηστδς,
752 756 824 821 ἐσθ’
848 758 934 842 αύτῷ
954 753 1067 828 κακύς.

254 838 307 904 Ἐν
331 843 429 902 τοῖσιν
450 779 662 924 ἀπύροιςθστί
680 843 861 927 παράβολον
878 842 969 905 πολύ.

258 922 323 989 Οὐκ
346 923 404 986 είσ’
427 924 565 1008 ὑβρισταὶ
588 927 737 1010 σχετλίων
761 926 915 1009 ἀκληρίαι.

257 1007 421 1072 Σύνοιδ’ύ
468 1008 559 1092 είρων
583 1011 629 1078 οἷς
652 1011 668 1073 ὁ
690 1011 834 1093 κρείττων
856 1009 955 1093 ἤλιτε.

252 1091 291 1156 Ἣ
314 1093 355 1155 δι’
381 1031 513 1174 εύγίθει’
538 1092 602 1156 ἐστ’
619 1095 816 1157 ἀνεπίδεκτον
838 1095 966 1180 ὕβρεως.

255 1176 397 1246 Ἀναξίου
422 1175 569 1260 δεόμενος
592 1178 707 1248 ἀδικεῖς
728 1179 880 1261 τούγινές.

251 1257 407 1330 Ἀπαντας
429 1259 541 1346 ἔβλαψ’
567 1263 696 1331 ἀθλίους
716 1264 882 1349 ἀχάριστος
901 1263 954 1331 εἷς.

257 1343 389 1432 Ἐχθρδν
413 1346 581 1431 φοβεῖσθαι
601 1349 651 1410 καὶ
672 1348 880 1432 χαμαίζηλον,
904 1352 1017 1432 σοροό.

258 1429 347 1494 Τῖσαι
368 1432 419 1493 τδν
444 1431 557 1516 ἐχθρόν
580 1431 643 1494 ἐστι
666 1433 809 1516 δεύτερος
833 1433 907 1517 βίος.

257 1515 343 1598 Λήθη
366 1516 498 1600 βαρειῶν
521 1515 600 1578 ἐστὶν
624 1517 742 1622 ύβρεων
768 1516 851 1584 ἄκος.

257 1597 354 1684 Χάριν
380 1599 521 1684 δεομένῳ
542 1601 586 1668 δὶς
609 1601 758 1665 δίοωσ’ύ
785 1601 858 1669 δοὺς
875 1601 964 1685 ταχύ.

257 1682 356 1767 Παόρ’
382 1684 504 1767 ὑστερεῖ
521 1684 637 1767 πένητι,
660 1685 762 1748 πολλὰ
784 1686 908 1771 κίμβικι.

257 1766 415 1851 Μεμηνύτ’
439 1769 525 1851 ἀνδρὶ
547 1773 606 1837 πᾶς
626 1770 795 1853 μεμηνέναι
817 1771 912 1832 δοκεῖ.

252 1849 418 1921 Ἕνακευυς
440 1851 532 1916 ἔνδει’
559 1854 666 1938 ὀλβίου
688 1856 722 1918 τδ
744 1855 943 1939 φιλάργυρον.

255 1936 328 2001 Ποῖ’
350 1938 423 2013 ἐστὶ,
446 1938 590 2021 μάνθαν’,
615 1941 695 2001 ὥστε
719 1941 805 2023 δρᾷν,
824 1939 862 2000 τὰ
880 1938 1008 2021 κρήγυα.

256 2021 380 2090 Φθύνος
402 2024 435 2084 τὸ
460 2024 622 2108 βλαβερὸν,
646 2023 682 2085 ού
706 2025 739 2086 τδ
760 2023 920 2107 σύμφορον
943 2022 1043 2084 λαλεῖ.

255 2105 379 2174 Φθύνος
400 2107 501 2190 λάθρα
526 2108 592 2190 μὲν,
616 2109 774 2191 δυσμενῶς
798 2107 827 2169 δ’
852 2107 1013 2190 ὀργίζεται.

246 2193 395 2256 ΙἈνεκτδν
416 2191 645 2276 εύψύχοισιν,ἥ
671 2194 785 2276 μάκαρι
801 2191 927 2276 ιρθύνος.

253 2276 399 2361 Παριδὼν
421 2277 455 2339 τδ
477 2275 678 2360 πλημμέλημ’
704 2277 888 2360 ἁμαρτάνειν
909 2277 1016 2342 ποιεῖς.

250 2360 373 2425 Ἀκοντ’
400 2360 517 2443 ἐρύκων
542 2361 682 2430 ἐκκαλεῖς
702 2360 823 2430 ἐξιέναι.
843 2371 846 2377 “

251 2443 366 2530 ’θργὴν
388 2445 542 2528 φυλάττου
564 2445 695 2530 βραχέα,
722 2447 776 2528 τὴν
799 2443 915 2528 ἔχθραν
939 2442 972 2506 δ’
995 2442 1055 2508 ἀεί.

254 2528 486 2612 Χολουμένοισι
507 2528 607 2612 τόλμα
629 2532 680 2593 καὶ
698 2530 802 2678 βουλὴ
826 2530 920 2591 δοκεῖ.

253 2613 391 2697 Παύρων
416 2612 564 2696 δεύμενύς
584 2615 673 2691 ἐστιν,
717 2638 731 2684 ς
752 2613 880 2698 παύρων
905 2609 972 2697 ἐρᾷ.

254 2697 306 2782 Μὴ
335 2697 411 2782 δρηῖν
434 2722 472 2776 τι,
498 2699 605 2780 μίσους
625 2701 705 2762 ὥστε
728 2701 858 2784 πάσχειν
883 2697 910 2760 α’
937 2697 1016 2767 ἄξια.

253 2782 435 2858 Πίστευσον,
458 2787 501 2850 ὡς
521 2785 561 2866 μὴ
586 2785 720 2867 δυσμενῆ
739 2783 881 2858 κτᾶσθαι,
902 2783 993 2867 φίλῳ.
1043 2854 1046 2858 ,

255 2866 375 2931 Γένοιτ’
402 2865 437 2929 ἀν
460 2867 551 2930 οὐδὲν
572 2867 644 2949 ἡδύ,
667 2871 745 2951 πλὴν
768 2870 802 2931 ἐκ
825 2869 1007 2952 μεταβολῆς.

253 2950 378 3014 Σαυτού
397 2950 551 3033 κατέγνως
573 2951 677 3016 ἄδικον
702 2953 860 3027 ἀπολύων,
882 2953 978 3034 κριτά.

248 3036 398 3120 Ἀλγησις
420 3035 542 3120 ἐχθρῶν
566 3037 763 3120 ἠδικημένοις
784 3036 866 3105 ἄκος.

255 3118 355 3185 Οὐδὲν
382 3120 501 3204 μέτεστι
521 3123 621 3184 κοινὸν
642 3121 718 3207 αἴνῳ
741 3105 793 3184 κάὶ
812 3127 924 3227 τρυρῇ.

248 3202 355 3288 Ἔβρει
373 3207 506 3272 παλαιὸς
530 3205 623 3281 αἶνος,
645 3207 681 3291 ἢν
706 3208 746 3290 μὴ
772 3204 842 3273 νέος
861 3229 930 3289 ορη.
1010 3253 1012 3257 ψ

248 3287 377 3357 Ἄδικος
401 3287 495 3372 νύμον
519 3289 668 3366 δέδοικεν,
696 3293 756 3355 δ’δ’
780 3290 885 3357 ἀθῶος
908 3289 1013 3373 τύχην.

254 3369 302 3435 T&
324 3371 447 3436 δοθέντ’
473 3375 598 3437 ἀπαιτεῖ
615 3375 869 3460 μεταμελυυμένη
891 3371 980 3456 τύχη.

250 3453 289 3520 Ὁ
312 3462 368 3519 τοῦ
385 3457 530 3539 γενέσθαι
550 3460 601 3521 καὶ
623 3459 740 3537 θανεῖν,
760 3460 862 3525 κοινὸς
883 3456 986 3540 νόμος·

253 3540 377 3608 Πάντας
398 3543 528 3626 δαμάζει
549 3545 601 3606 καὶ
622 3546 655 3609 τδ
680 3549 779 3629 νεῦμα
797 3548 851 3626 τῆς
872 3544 999 3624 τρυφῆς.

255 3621 367 3711 Τρυφὴ
387 3630 546 3712 χαρακτὴρ
569 3629 612 3691 ὧν
633 3628 664 3710 γ’
682 3629 698 3694 ὁ
719 3634 790 3697 νοῦς
808 3631 927 3708 κοῦφος
946 3627 1064 3709 φρονεῖ.

254 3706 364 3775 Κακοδ
385 3713 544 3798 χαρακτὴρ
566 3715 693 3796 γλῶσσα
713 3718 769 3777 νοῦ
790 3709 992 3792 κακύστομος.

908 3809 971 3871 16·
