3059 4492
726 452 876 548 —329—

354 621 381 679 n
403 619 497 696 stirpe
516 618 750 680 Laomedontis:
771 619 973 696 eximiamque
994 621 1024 678 ei

354 703 476 763 Praeda
496 703 567 762 olim
589 706 626 763 ab
649 705 732 763 omui
751 705 922 764 muneravit
934 703 1107 766 Hercules?

354 790 437 868 Ergo
460 798 608 864 optumus,
628 788 743 849 duobus
762 790 985 865 optumatibus

280 871 449 936 13⁰⁵sotus
471 874 639 934 dehoneste
661 875 782 952 generis
804 881 943 934 auctores
965 875 1035 949 urei,
1101 942 1103 945 ¹

356 959 443 1035 Quos
466 959 659 1035 insepultos,
672 960 704 1018 in
723 959 879 1018 laboribus
903 961 979 1019 sitos

355 1044 441 1117 istis,
461 1044 599 1120 repellis:
623 1063 680 1104 nec
700 1045 796 1122 pudet
816 1043 1003 1103 iactantiae?

356 1128 418 1190 Sed
440 1137 539 1188 certus
563 1137 641 1202 esto,
664 1129 691 1188 si
711 1129 808 1188 virum
832 1131 912 1187 hunc
932 1128 1093 1206 repellitis,

357 1214 491 1274 Omnino
514 1233 568 1272 nos
587 1221 648 1272 tres
671 1223 701 1272 et
720 1214 812 1273 simul
832 1213 990 1290 repellitis.

280 1296 439 1360 18¹0Nam
457 1319 513 1376 pro
535 1299 594 1358 hoc
614 1300 689 1358 mihi
706 1299 910 1375 periclitanti,
923 1298 1057 1358 nobilem

357 1384 514 1461 Oppetere
535 1391 664 1442 mortem
685 1385 795 1444 melius
820 1392 878 1457 est,
898 1403 988 1459 quarn
1007 1403 1062 1460 pro
1083 1389 1138 1441 tua

355 1470 479 1530 Uxore:
502 1487 592 1544 quam
611 1489 666 1546 pro
688 1471 781 1528 fratre
803 1489 949 1547 germano
970 1476 1033 1527 tuo.

356 1555 406 1615 Ad
425 1554 497 1627 ista,
518 1573 590 1612 cure
607 1575 666 1612 non
688 1573 787 1612 meam
808 1574 883 1628 rem,
904 1554 960 1613 sed
981 1561 1073 1612 tuam.

359 1637 393 1699 Si
414 1639 503 1698 ndxis
530 1639 632 1714 aliqua
653 1658 687 1696 re
708 1641 793 1712 mihi,
814 1640 1041 1716 ignavissumus
1149 1666 1155 1672 ’

283 1719 349 1775 1315
358 1724 504 1783 Fortasse
524 1724 613 1782 malis
638 1742 718 1798 esse,
743 1743 833 1800 quam
854 1724 1095 1784 audacissumos.

359 1806 413 1868 Ch.
449 1809 579 1882 Adesse,
600 1808 725 1886 Ulysse,
744 1817 775 1867 te
795 1817 901 1886 putato
918 1808 1057 1885 temperi,

358 1893 430 1954 Nisi
450 1895 507 1954 hos
529 1894 615 1953 nevis
639 1894 792 1967 dirimere,
816 1895 870 1954 sed
890 1894 1086 1953 committere.

358 1978 408 2038 Ul.
452 1977 532 2052 Quid
554 1987 611 2051 est,
631 1980 743 2038 amici?
767 1999 831 2038 vox
854 1978 1027 2040 Atridarum
1050 1979 1159 2054 procul

359 2062 458 2140 Super
477 2065 537 2122 hoc
557 2064 678 2122 veiente
700 2072 821 2124 mortuo
842 2065 917 2123 mihi
934 2062 1053 2122 accidit.
1251 2059 1256 2068 ’

283 2147 350 2201 132⁰
359 2154 436 2227 Ago.
477 2152 527 2209 An
549 2168 623 2222 non,
646 2148 771 2226 Ulysse,
792 2151 887 2208 verba
907 2149 987 2206 dictu
1004 2147 1143 2220 infamia,

358 2235 399 2294 Iit
417 2235 529 2310 probra
550 2235 588 2292 ab
608 2234 669 2293 isto
692 2253 789 2310 nuper
809 2233 1042 2293 exaudivimus?

358 2319 408 2379 Ul.
435 2320 522 2395 Quae
533 2319 666 2395 probra?
677 2319 796 2395 culpam
807 2321 889 2378 haud
900 2326 1074 2390 commeret,
1091 2336 1141 2375 mo
1153 2317 1263 2388 iudice,

359 2403 393 2466 Si
415 2404 482 2479 quis
504 2404 583 2463 male
605 2405 764 2478 audiendo,
786 2405 954 2482 respondet
969 2398 1058 2463 m'ule.

360 2492 437 2567 Aga.
483 2489 564 2546 Male
582 2489 692 2548 audiit:
716 2509 847 2566 namque
870 2489 923 2548 ille
942 2508 990 2547 me
1010 2488 1115 2546 affecit
1132 2485 1225 2544 male.

284 2573 410 2634 1aa5Ul.
482 2570 593 2632 Affecit
615 2575 733 2647 adeon',
754 2583 788 2634 ut
809 2575 865 2634 tibi
884 2576 943 2634 siet
959 2572 1061 2631 male?

359 2661 437 2735 Aga.
479 2657 629 2733 Numqui
650 2660 835 2735 insepultum
857 2679 891 2719 se
904 2661 963 2719 hoc
980 2658 1167 2717 omissurum
1175 2663 1265 2734 neget
1355 2680 1356 2751 }

361 2741 509 2817 Cadaver,
531 2752 565 2802 ut
586 2764 648 2802 non
669 2746 796 2803 tumulet
815 2746 934 2803 iniussu
956 2762 1036 2802 meo.
1355 2810 1356 2831 χ

360 2828 411 2889 Ul.
455 2829 581 2886 Licetne
603 2830 699 2888 amico
723 2830 864 2907 proloqui
883 2849 986 2888 verum
1006 2828 1061 2886 tibi
1355 2838 1356 2917 p

361 2913 430 2972 Tua
450 2914 531 2972 haud
550 2915 678 2988 minore,
699 2935 788 2990 quam
809 2915 905 2992 prius,
928 2932 995 2971 cum
1016 2911 1137 2991 gratia?

284 3001 352 3057 1330
360 2999 437 3076 Aga.
476 2999 572 3058 Licet.
593 3019 663 3058 narn
686 3009 716 3058 et
739 3009 822 3060 esset
844 2999 1015 3074 caeteroqui
1031 2997 1193 3057 iniurium:
1355 2966 1356 3061 l

360 3083 562 3163 Praecipuum
588 3085 716 3143 amicum
737 3104 804 3143 curn
827 3092 857 3143 te
880 3085 912 3142 in
933 3084 1055 3161 Argivis
1076 3089 1207 3156 putem·

359 3170 410 3230 Ul.
453 3169 542 3243 Audi.
563 3189 692 3248 perego
715 3178 745 3228 te
764 3170 900 3242 caelites,
925 3188 964 3227 ne
983 3166 1090 3244 proiici

359 3255 465 3313 Virum
486 3255 673 3331 insepultum
692 3256 772 3314 hunc
794 3255 865 3314 siris
885 3253 1111 3312 inclementius:
1146 3262 1150 3271 ¹

359 3338 428 3399 Nec
450 3359 486 3398 eo
509 3358 604 3415 usque
626 3348 656 3398 te
679 3340 741 3399 odii
760 3341 910 3417 provehat
926 3338 1060 3411 licentia,

285 3435 352 3490 1335
360 3424 403 3484 Ut
425 3444 515 3484 omne
536 3425 642 3500 iusque
664 3426 773 3500 fasque
795 3422 1087 3502 prosubigaspede.

361 3509 438 3568 Mihi
459 3511 592 3570 omnium
612 3509 665 3568 ille
684 3529 828 3587 pessume
846 3510 985 3569 infensus
1007 3508 1075 3579 fuit,

360 3595 410 3652 Ex
429 3614 487 3670 quo
508 3614 592 3653 arma
614 3595 727 3654 Achilli
747 3596 801 3654 lite
823 3601 931 3655 nostra
951 3593 1105 3653 evicimus.

362 3676 424 3741 Sed
444 3687 546 3738 tamen
569 3699 625 3758 ego
646 3680 732 3740 illum
752 3689 815 3740 tam
842 3678 1106 3738 maleanimotum
1127 3676 1205 3734 mihi
