<?xml version="1.0" encoding="UTF-8"?>
<!DOCTYPE html PUBLIC "-//W3C//DTD XHTML 1.0 Transitional//EN"
    "http://www.w3.org/TR/xhtml1/DTD/xhtml1-transitional.dtd">
<html xmlns="http://www.w3.org/1999/xhtml" xml:lang="en" lang="en">
 <head>
  <title>
</title>
<meta http-equiv="Content-Type" content="text/html;charset=utf-8" />
  <meta name='ocr-system' content='tesseract 3.04.00' />
  <meta name='ocr-capabilities' content='ocr_page ocr_carea ocr_par ocr_line ocrx_word'/>
</head>
<body>
  <div class='ocr_page' id='page_1' title='image "./poemataomnia01scalgoog_0074.png"; bbox 0 0 3059 4492; ppageno 0'>
   <div class='ocr_carea' id='block_1_1' title="bbox 706 537 857 634">
    <p class='ocr_par' dir='ltr' id='par_1_1' title="bbox 706 537 857 634">
     <span class='ocr_line' id='line_1_1' title="bbox 706 537 857 634; baseline 0 -36"><span class='ocrx_word' id='word_1_1' title='bbox 706 537 857 634; x_wconf 56' lang='lat' dir='ltr'><strong>—Jd—</strong></span> 
     </span>
    </p>
   </div>
   <div class='ocr_carea' id='block_1_2' title="bbox 328 707 1180 1124">
    <p class='ocr_par' dir='ltr' id='par_1_2' title="bbox 328 707 1180 1124">
     <span class='ocr_line' id='line_1_2' title="bbox 552 707 1023 783; baseline -0.002 -18"><span class='ocrx_word' id='word_1_2' title='bbox 552 707 580 765; x_wconf 82' lang='lat' dir='ltr'><strong>l.</strong></span> <span class='ocrx_word' id='word_1_3' title='bbox 623 709 664 765; x_wconf 80' lang='lat' dir='ltr'><strong>Ic</strong></span> <span class='ocrx_word' id='word_1_4' title='bbox 685 712 803 768; x_wconf 72' lang='lat' dir='ltr'><strong>maclam</strong></span> <span class='ocrx_word' id='word_1_5' title='bbox 822 707 1023 783; x_wconf 72' lang='lat' dir='ltr'><strong>Epitaphium.</strong></span> 
     </span>
     <span class='ocr_line' id='line_1_3' title="bbox 331 791 1125 861; baseline -0.003 -9"><span class='ocrx_word' id='word_1_6' title='bbox 331 791 393 852; x_wconf 79' lang='lat' dir='ltr'><strong>Gur</strong></span> <span class='ocrx_word' id='word_1_7' title='bbox 413 792 469 850; x_wconf 89' lang='lat' dir='ltr'><strong>hoc</strong></span> <span class='ocrx_word' id='word_1_8' title='bbox 486 791 612 850; x_wconf 88' lang='lat' dir='ltr'><strong>Henrici</strong></span> <span class='ocrx_word' id='word_1_9' title='bbox 634 802 705 851; x_wconf 89' lang='lat' dir='ltr'><strong>sunt</strong></span> <span class='ocrx_word' id='word_1_10' title='bbox 725 792 845 851; x_wconf 85' lang='lat' dir='ltr'><strong>condita</strong></span> <span class='ocrx_word' id='word_1_11' title='bbox 864 792 983 850; x_wconf 88' lang='lat' dir='ltr'><strong>viscera</strong></span> <span class='ocrx_word' id='word_1_12' title='bbox 1003 792 1125 861; x_wconf 68' lang='lat' dir='ltr'><strong>bustot.</strong></span> 
     </span>
     <span class='ocr_line' id='line_1_4' title="bbox 372 875 976 956; baseline -0.003 -20"><span class='ocrx_word' id='word_1_13' title='bbox 372 880 431 936; x_wconf 84' lang='lat' dir='ltr'><strong>Ast</strong></span> <span class='ocrx_word' id='word_1_14' title='bbox 450 877 503 935; x_wconf 84' lang='lat' dir='ltr'><strong>alii</strong></span> <span class='ocrx_word' id='word_1_15' title='bbox 524 877 618 956; x_wconf 86' lang='lat' dir='ltr'><strong>cessit</strong></span> <span class='ocrx_word' id='word_1_16' title='bbox 642 886 753 954; x_wconf 85' lang='lat' dir='ltr'><strong>corpus</strong></span> <span class='ocrx_word' id='word_1_17' title='bbox 774 878 865 936; x_wconf 87' lang='lat' dir='ltr'><strong>inane</strong></span> <span class='ocrx_word' id='word_1_18' title='bbox 889 875 976 936; x_wconf 74' lang='lat' dir='ltr'><strong>solo?</strong></span> 
     </span>
     <span class='ocr_line' id='line_1_5' title="bbox 328 959 1180 1037; baseline -0.009 -14"><span class='ocrx_word' id='word_1_19' title='bbox 328 961 400 1023; x_wconf 87' lang='lat' dir='ltr'><strong>Una</strong></span> <span class='ocrx_word' id='word_1_20' title='bbox 419 961 523 1021; x_wconf 91' lang='lat' dir='ltr'><strong>domus</strong></span> <span class='ocrx_word' id='word_1_21' title='bbox 543 970 634 1020; x_wconf 90' lang='lat' dir='ltr'><strong>totam</strong></span> <span class='ocrx_word' id='word_1_22' title='bbox 657 981 747 1037; x_wconf 87' lang='lat' dir='ltr'><strong>quam</strong></span> <span class='ocrx_word' id='word_1_23' title='bbox 772 981 831 1020; x_wconf 90' lang='lat' dir='ltr'><strong>non</strong></span> <span class='ocrx_word' id='word_1_24' title='bbox 854 961 936 1037; x_wconf 88' lang='lat' dir='ltr'><strong>capit</strong></span> <span class='ocrx_word' id='word_1_25' title='bbox 956 962 1030 1020; x_wconf 89' lang='lat' dir='ltr'><strong>orbe</strong></span> <span class='ocrx_word' id='word_1_26' title='bbox 1051 959 1180 1032; x_wconf 90' lang='lat' dir='ltr'><strong>ruinam,</strong></span> 
     </span>
     <span class='ocr_line' id='line_1_6' title="bbox 371 1046 945 1124; baseline -0.007 -18"><span class='ocrx_word' id='word_1_27' title='bbox 371 1047 440 1106; x_wconf 90' lang='lat' dir='ltr'><strong>Uno</strong></span> <span class='ocrx_word' id='word_1_28' title='bbox 462 1067 524 1106; x_wconf 92' lang='lat' dir='ltr'><strong>non</strong></span> <span class='ocrx_word' id='word_1_29' title='bbox 545 1048 644 1124; x_wconf 90' lang='lat' dir='ltr'><strong>potuit</strong></span> <span class='ocrx_word' id='word_1_30' title='bbox 663 1047 760 1105; x_wconf 88' lang='lat' dir='ltr'><strong>limite</strong></span> <span class='ocrx_word' id='word_1_31' title='bbox 778 1055 845 1106; x_wconf 88' lang='lat' dir='ltr'><strong>tota</strong></span> <span class='ocrx_word' id='word_1_32' title='bbox 867 1046 945 1122; x_wconf 90' lang='lat' dir='ltr'><strong>capi.</strong></span> 
     </span>
    </p>
   </div>
   <div class='ocr_carea' id='block_1_3' title="bbox 295 1215 1241 3838">
    <p class='ocr_par' dir='ltr' id='par_1_3' title="bbox 331 1215 1241 1377">
     <span class='ocr_line' id='line_1_7' title="bbox 331 1215 1241 1292; baseline -0.001 -19"><span class='ocrx_word' id='word_1_33' title='bbox 331 1216 360 1273; x_wconf 83' lang='lat'><strong>5.</strong></span> <span class='ocrx_word' id='word_1_34' title='bbox 406 1216 578 1291; x_wconf 69' lang='lat' dir='ltr'><strong>Epicadum</strong></span> <span class='ocrx_word' id='word_1_35' title='bbox 598 1216 721 1274; x_wconf 85' lang='lat' dir='ltr'><strong>Lcdoici</strong></span> <span class='ocrx_word' id='word_1_36' title='bbox 743 1215 878 1275; x_wconf 77' lang='lat' dir='ltr'><strong>Castuttci</strong></span> <span class='ocrx_word' id='word_1_37' title='bbox 893 1215 1013 1289; x_wconf 77' lang='lat' dir='ltr'><strong>Equitio</strong></span> <span class='ocrx_word' id='word_1_38' title='bbox 1036 1215 1121 1289; x_wconf 77' lang='lat' dir='ltr'><strong>Torq.</strong></span> <span class='ocrx_word' id='word_1_39' title='bbox 1145 1215 1241 1292; x_wconf 79' lang='lat' dir='ltr'><strong>Rapit.</strong></span> 
     </span>
     <span class='ocr_line' id='line_1_8' title="bbox 331 1299 1092 1377; baseline -0.003 -20"><span class='ocrx_word' id='word_1_40' title='bbox 331 1299 450 1358; x_wconf 85' lang='lat' dir='ltr'><strong>Tristes</strong></span> <span class='ocrx_word' id='word_1_41' title='bbox 470 1301 627 1376; x_wconf 73' lang='lat' dir='ltr'>exequias,</span> <span class='ocrx_word' id='word_1_42' title='bbox 649 1299 950 1377; x_wconf 59' lang='lat' dir='ltr'><strong>misermssurgencis</strong></span> <span class='ocrx_word' id='word_1_43' title='bbox 973 1299 1092 1375; x_wconf 87' lang='lat' dir='ltr'><strong>Ephebi</strong></span> 
     </span>
    </p>

    <p class='ocr_par' dir='ltr' id='par_1_4' title="bbox 329 1383 1176 1881">
     <span class='ocr_line' id='line_1_9' title="bbox 332 1383 1054 1463; baseline -0.003 -19"><span class='ocrx_word' id='word_1_44' title='bbox 332 1383 411 1460; x_wconf 85' lang='lat' dir='ltr'><strong>Spes</strong></span> <span class='ocrx_word' id='word_1_45' title='bbox 433 1385 617 1462; x_wconf 87' lang='lat' dir='ltr'><strong>interceptas</strong></span> <span class='ocrx_word' id='word_1_46' title='bbox 639 1387 671 1444; x_wconf 87' lang='lat' dir='ltr'><strong>in</strong></span> <span class='ocrx_word' id='word_1_47' title='bbox 692 1386 790 1463; x_wconf 88' lang='lat' dir='ltr'><strong>primo</strong></span> <span class='ocrx_word' id='word_1_48' title='bbox 812 1387 886 1444; x_wconf 88' lang='lat' dir='ltr'><strong>flore</strong></span> <span class='ocrx_word' id='word_1_49' title='bbox 906 1384 1054 1455; x_wconf 87' lang='lat' dir='ltr'><strong>iuventae,</strong></span> 
     </span>
     <span class='ocr_line' id='line_1_10' title="bbox 330 1461 1079 1530; baseline -0.001 -3"><span class='ocrx_word' id='word_1_50' title='bbox 330 1469 493 1528; x_wconf 84' lang='lat' dir='ltr'><strong>Dederam.</strong></span> <span class='ocrx_word' id='word_1_51' title='bbox 515 1471 649 1529; x_wconf 92' lang='lat' dir='ltr'><strong>nondum</strong></span> <span class='ocrx_word' id='word_1_52' title='bbox 670 1472 744 1530; x_wconf 89' lang='lat' dir='ltr'><strong>coiit</strong></span> <span class='ocrx_word' id='word_1_53' title='bbox 765 1461 928 1529; x_wconf 87' lang='lat' dir='ltr'><strong>manifesta</strong></span> <span class='ocrx_word' id='word_1_54' title='bbox 947 1469 1079 1527; x_wconf 79' lang='lat' dir='ltr'><strong>cicatrix.</strong></span> 
     </span>
     <span class='ocr_line' id='line_1_11' title="bbox 330 1552 1075 1629; baseline 0 -17"><span class='ocrx_word' id='word_1_55' title='bbox 330 1552 484 1613; x_wconf 66' lang='lat' dir='ltr'><strong>Funestos</strong></span> <span class='ocrx_word' id='word_1_56' title='bbox 500 1554 609 1613; x_wconf 89' lang='lat' dir='ltr'><strong>iterum</strong></span> <span class='ocrx_word' id='word_1_57' title='bbox 627 1574 782 1629; x_wconf 88' lang='lat' dir='ltr'><strong>numeros,</strong></span> <span class='ocrx_word' id='word_1_58' title='bbox 807 1563 837 1613; x_wconf 92' lang='lat' dir='ltr'><strong>et</strong></span> <span class='ocrx_word' id='word_1_59' title='bbox 855 1555 940 1613; x_wconf 89' lang='lat' dir='ltr'><strong>triste</strong></span> <span class='ocrx_word' id='word_1_60' title='bbox 963 1553 1075 1612; x_wconf 90' lang='lat' dir='ltr'><strong>doloris</strong></span> 
     </span>
     <span class='ocr_line' id='line_1_12' title="bbox 329 1639 1176 1716; baseline 0.001 -20"><span class='ocrx_word' id='word_1_61' title='bbox 329 1639 491 1696; x_wconf 90' lang='lat' dir='ltr'><strong>Poscimur</strong></span> <span class='ocrx_word' id='word_1_62' title='bbox 513 1640 656 1699; x_wconf 89' lang='lat' dir='ltr'><strong>officium.</strong></span> <span class='ocrx_word' id='word_1_63' title='bbox 682 1641 839 1698; x_wconf 77' lang='lat' dir='ltr'><strong>Lacrimas</strong></span> <span class='ocrx_word' id='word_1_64' title='bbox 861 1639 1064 1716; x_wconf 83' lang='lat' dir='ltr'><strong>impendimus</strong></span> <span class='ocrx_word' id='word_1_65' title='bbox 1087 1640 1176 1697; x_wconf 89' lang='lat' dir='ltr'><strong>orbo:</strong></span> 
     </span>
     <span class='ocr_line' id='line_1_13' title="bbox 329 1723 1048 1784; baseline 0 -2"><span class='ocrx_word' id='word_1_66' title='bbox 329 1723 471 1782; x_wconf 84' lang='lat' dir='ltr'><strong>Extincto</strong></span> <span class='ocrx_word' id='word_1_67' title='bbox 491 1725 598 1783; x_wconf 88' lang='lat' dir='ltr'><strong>demus</strong></span> <span class='ocrx_word' id='word_1_68' title='bbox 618 1725 770 1784; x_wconf 83' lang='lat' dir='ltr'><strong>lacrimas.</strong></span> <span class='ocrx_word' id='word_1_69' title='bbox 787 1725 962 1784; x_wconf 85' lang='lat' dir='ltr'><strong>Durissima</strong></span> <span class='ocrx_word' id='word_1_70' title='bbox 980 1724 1048 1782; x_wconf 88' lang='lat' dir='ltr'><strong>iura</strong></span> 
     </span>
     <span class='ocr_line' id='line_1_14' title="bbox 329 1808 1016 1881; baseline 0 -15"><span class='ocrx_word' id='word_1_71' title='bbox 329 1808 485 1881; x_wconf 86' lang='lat' dir='ltr'><strong>Fatorum,</strong></span> <span class='ocrx_word' id='word_1_72' title='bbox 507 1809 578 1866; x_wconf 91' lang='lat' dir='ltr'><strong>ludo</strong></span> <span class='ocrx_word' id='word_1_73' title='bbox 596 1811 729 1868; x_wconf 92' lang='lat' dir='ltr'><strong>nondum</strong></span> <span class='ocrx_word' id='word_1_74' title='bbox 752 1810 863 1868; x_wconf 89' lang='lat' dir='ltr'><strong>satiata</strong></span> <span class='ocrx_word' id='word_1_75' title='bbox 883 1817 1016 1881; x_wconf 87' lang='lat' dir='ltr'><strong>cruento,</strong></span> 
     </span>
    </p>

    <p class='ocr_par' dir='ltr' id='par_1_5' title="bbox 329 1893 1176 2141">
     <span class='ocr_line' id='line_1_15' title="bbox 329 1893 1176 1972; baseline 0.001 -21"><span class='ocrx_word' id='word_1_76' title='bbox 329 1893 437 1967; x_wconf 83' lang='lat' dir='ltr'><strong>Estne,</strong></span> <span class='ocrx_word' id='word_1_77' title='bbox 458 1894 539 1969; x_wconf 89' lang='lat' dir='ltr'><strong>quod</strong></span> <span class='ocrx_word' id='word_1_78' title='bbox 557 1894 589 1952; x_wconf 92' lang='lat' dir='ltr'><strong>in</strong></span> <span class='ocrx_word' id='word_1_79' title='bbox 612 1895 710 1954; x_wconf 87' lang='lat' dir='ltr'><strong>claras</strong></span> <span class='ocrx_word' id='word_1_80' title='bbox 729 1894 914 1972; x_wconf 81' lang='lat' dir='ltr'><strong>praelustria</strong></span> <span class='ocrx_word' id='word_1_81' title='bbox 934 1893 1065 1951; x_wconf 87' lang='lat' dir='ltr'><strong>culmina</strong></span> <span class='ocrx_word' id='word_1_82' title='bbox 1088 1893 1176 1952; x_wconf 88' lang='lat' dir='ltr'><strong>sedes</strong></span> 
     </span>
     <span class='ocr_line' id='line_1_16' title="bbox 330 1976 1123 2052; baseline 0.001 -16"><span class='ocrx_word' id='word_1_83' title='bbox 330 1976 404 2036; x_wconf 93' lang='lat' dir='ltr'><strong>Non</strong></span> <span class='ocrx_word' id='word_1_84' title='bbox 422 1979 513 2037; x_wconf 89' lang='lat' dir='ltr'><strong>liceat</strong></span> <span class='ocrx_word' id='word_1_85' title='bbox 534 1979 633 2052; x_wconf 90' lang='lat' dir='ltr'><strong>vobis,</strong></span> <span class='ocrx_word' id='word_1_86' title='bbox 655 1981 683 2040; x_wconf 90' lang='lat' dir='ltr'><strong>si</strong></span> <span class='ocrx_word' id='word_1_87' title='bbox 702 1999 760 2038; x_wconf 91' lang='lat' dir='ltr'><strong>nec</strong></span> <span class='ocrx_word' id='word_1_88' title='bbox 780 1981 888 2038; x_wconf 89' lang='lat' dir='ltr'><strong>domus</strong></span> <span class='ocrx_word' id='word_1_89' title='bbox 912 1997 972 2036; x_wconf 87' lang='lat' dir='ltr'><strong>una</strong></span> <span class='ocrx_word' id='word_1_90' title='bbox 993 1985 1041 2037; x_wconf 88' lang='lat' dir='ltr'><strong>sat</strong></span> <span class='ocrx_word' id='word_1_91' title='bbox 1062 1998 1123 2037; x_wconf 92' lang='lat' dir='ltr'><strong>uno</strong></span> 
     </span>
     <span class='ocr_line' id='line_1_17' title="bbox 330 2061 1081 2141; baseline 0.003 -21"><span class='ocrx_word' id='word_1_92' title='bbox 330 2061 478 2140; x_wconf 83' lang='lat' dir='ltr'><strong>Fungitur</strong></span> <span class='ocrx_word' id='word_1_93' title='bbox 494 2064 607 2123; x_wconf 79' lang='lat' dir='ltr'><strong>exitio?</strong></span> <span class='ocrx_word' id='word_1_94' title='bbox 628 2065 732 2124; x_wconf 87' lang='lat' dir='ltr'><strong>Testis</strong></span> <span class='ocrx_word' id='word_1_95' title='bbox 752 2074 901 2138; x_wconf 87' lang='lat' dir='ltr'><strong>natusque</strong></span> <span class='ocrx_word' id='word_1_96' title='bbox 922 2073 1081 2141; x_wconf 80' lang='lat' dir='ltr'><strong>paterque:</strong></span> 
     </span>
    </p>

    <p class='ocr_par' dir='ltr' id='par_1_6' title="bbox 330 2148 1143 2226">
     <span class='ocr_line' id='line_1_18' title="bbox 330 2148 1143 2226; baseline -0.001 -21"><span class='ocrx_word' id='word_1_97' title='bbox 330 2148 427 2206; x_wconf 86' lang='lat' dir='ltr'><strong>Marte</strong></span> <span class='ocrx_word' id='word_1_98' title='bbox 445 2150 530 2226; x_wconf 87' lang='lat' dir='ltr'><strong>prior</strong></span> <span class='ocrx_word' id='word_1_99' title='bbox 551 2157 651 2224; x_wconf 88' lang='lat' dir='ltr'><strong>natus,</strong></span> <span class='ocrx_word' id='word_1_100' title='bbox 673 2151 773 2208; x_wconf 88' lang='lat' dir='ltr'><strong>morbi</strong></span> <span class='ocrx_word' id='word_1_101' title='bbox 793 2157 879 2226; x_wconf 87' lang='lat' dir='ltr'><strong>pater</strong></span> <span class='ocrx_word' id='word_1_102' title='bbox 903 2150 1027 2207; x_wconf 87' lang='lat' dir='ltr'><strong>obrutus</strong></span> <span class='ocrx_word' id='word_1_103' title='bbox 1046 2157 1143 2220; x_wconf 89' lang='lat' dir='ltr'><strong>aestu,</strong></span> 
     </span>
    </p>

    <p class='ocr_par' dir='ltr' id='par_1_7' title="bbox 295 2232 1081 2294">
     <span class='ocr_line' id='line_1_19' title="bbox 295 2232 1081 2294; baseline -0.001 -2"><span class='ocrx_word' id='word_1_104' title='bbox 295 2282 297 2284; x_wconf 85' lang='lat'><strong>.</strong></span> <span class='ocrx_word' id='word_1_105' title='bbox 332 2232 449 2292; x_wconf 85' lang='lat' dir='ltr'><strong>Ordine</strong></span> <span class='ocrx_word' id='word_1_106' title='bbox 469 2236 589 2294; x_wconf 88' lang='lat' dir='ltr'><strong>turbato</strong></span> <span class='ocrx_word' id='word_1_107' title='bbox 608 2236 672 2293; x_wconf 92' lang='lat' dir='ltr'><strong>nati</strong></span> <span class='ocrx_word' id='word_1_108' title='bbox 693 2253 797 2294; x_wconf 90' lang='lat' dir='ltr'><strong>comes</strong></span> <span class='ocrx_word' id='word_1_109' title='bbox 819 2233 937 2292; x_wconf 89' lang='lat' dir='ltr'><strong>additus</strong></span> <span class='ocrx_word' id='word_1_110' title='bbox 957 2233 1081 2292; x_wconf 85' lang='lat' dir='ltr'><strong>umbris.</strong></span> 
     </span>
    </p>

    <p class='ocr_par' dir='ltr' id='par_1_8' title="bbox 330 2315 1241 2650">
     <span class='ocr_line' id='line_1_20' title="bbox 331 2315 1144 2400; baseline 0 -24"><span class='ocrx_word' id='word_1_111' title='bbox 331 2315 384 2376; x_wconf 85' lang='lat' dir='ltr'><strong>Sic</strong></span> <span class='ocrx_word' id='word_1_112' title='bbox 402 2325 497 2378; x_wconf 89' lang='lat' dir='ltr'><strong>tortus</strong></span> <span class='ocrx_word' id='word_1_113' title='bbox 516 2320 625 2396; x_wconf 89' lang='lat' dir='ltr'><strong>rapido</strong></span> <span class='ocrx_word' id='word_1_114' title='bbox 648 2328 806 2379; x_wconf 86' lang='lat' dir='ltr'><strong>ventorum</strong></span> <span class='ocrx_word' id='word_1_115' title='bbox 827 2319 947 2400; x_wconf 81' lang='lat' dir='ltr'><strong>turbine</strong></span> <span class='ocrx_word' id='word_1_116' title='bbox 966 2327 1075 2378; x_wconf 86' lang='lat' dir='ltr'><strong>vortex</strong></span> <span class='ocrx_word' id='word_1_117' title='bbox 1142 2361 1144 2366; x_wconf 71' lang='lat'><strong>.</strong></span> 
     </span>
     <span class='ocr_line' id='line_1_21' title="bbox 330 2403 1217 2480; baseline 0.001 -21"><span class='ocrx_word' id='word_1_118' title='bbox 330 2403 483 2462; x_wconf 84' lang='lat' dir='ltr'><strong>Arboreos</strong></span> <span class='ocrx_word' id='word_1_119' title='bbox 503 2404 632 2480; x_wconf 87' lang='lat' dir='ltr'><strong>primum</strong></span> <span class='ocrx_word' id='word_1_120' title='bbox 654 2424 765 2477; x_wconf 86' lang='lat' dir='ltr'><strong>ramos,</strong></span> <span class='ocrx_word' id='word_1_121' title='bbox 794 2413 824 2465; x_wconf 88' lang='lat' dir='ltr'><strong>et</strong></span> <span class='ocrx_word' id='word_1_122' title='bbox 846 2403 950 2462; x_wconf 90' lang='lat' dir='ltr'><strong>matris</strong></span> <span class='ocrx_word' id='word_1_123' title='bbox 974 2421 1088 2480; x_wconf 87' lang='lat' dir='ltr'><strong>opacae</strong></span> <span class='ocrx_word' id='word_1_124' title='bbox 1214 2471 1217 2478; x_wconf 24' lang='grc' dir='ltr'>Ι</span> 
     </span>
     <span class='ocr_line' id='line_1_22' title="bbox 332 2485 1241 2566; baseline 0 -20"><span class='ocrx_word' id='word_1_125' title='bbox 332 2485 457 2546; x_wconf 90' lang='lat' dir='ltr'><strong>Summa</strong></span> <span class='ocrx_word' id='word_1_126' title='bbox 477 2488 554 2565; x_wconf 89' lang='lat' dir='ltr'><strong>petit</strong></span> <span class='ocrx_word' id='word_1_127' title='bbox 577 2490 741 2566; x_wconf 90' lang='lat' dir='ltr'><strong>stringens,</strong></span> <span class='ocrx_word' id='word_1_128' title='bbox 762 2508 834 2546; x_wconf 81' lang='lat' dir='ltr'><strong>mox</strong></span> <span class='ocrx_word' id='word_1_129' title='bbox 856 2489 955 2565; x_wconf 89' lang='lat' dir='ltr'><strong>ipsam</strong></span> <span class='ocrx_word' id='word_1_130' title='bbox 978 2507 997 2546; x_wconf 91' lang='lat' dir='ltr'><strong>a</strong></span> <span class='ocrx_word' id='word_1_131' title='bbox 1012 2488 1157 2565; x_wconf 90' lang='lat' dir='ltr'><strong>stirpibus</strong></span> <span class='ocrx_word' id='word_1_132' title='bbox 1168 2487 1241 2546; x_wconf 87' lang='lat' dir='ltr'><strong>imis</strong></span> 
     </span>
     <span class='ocr_line' id='line_1_23' title="bbox 330 2570 1089 2650; baseline 0.001 -21"><span class='ocrx_word' id='word_1_133' title='bbox 330 2570 456 2644; x_wconf 81' lang='lat' dir='ltr'><strong>Evertit,</strong></span> <span class='ocrx_word' id='word_1_134' title='bbox 480 2581 632 2650; x_wconf 82' lang='lat' dir='ltr'><strong>totamque</strong></span> <span class='ocrx_word' id='word_1_135' title='bbox 652 2574 783 2633; x_wconf 83' lang='lat' dir='ltr'><strong>advolvit</strong></span> <span class='ocrx_word' id='word_1_136' title='bbox 803 2573 953 2632; x_wconf 87' lang='lat' dir='ltr'><strong>montibus</strong></span> <span class='ocrx_word' id='word_1_137' title='bbox 976 2591 1089 2632; x_wconf 90' lang='lat' dir='ltr'><strong>ornum.</strong></span> 
     </span>
    </p>

    <p class='ocr_par' dir='ltr' id='par_1_9' title="bbox 328 2655 1240 3412">
     <span class='ocr_line' id='line_1_24' title="bbox 332 2655 1133 2736; baseline 0.004 -24"><span class='ocrx_word' id='word_1_138' title='bbox 332 2655 419 2731; x_wconf 83' lang='lat' dir='ltr'><strong>Quae</strong></span> <span class='ocrx_word' id='word_1_139' title='bbox 440 2657 525 2732; x_wconf 85' lang='lat' dir='ltr'><strong>prius</strong></span> <span class='ocrx_word' id='word_1_140' title='bbox 546 2658 655 2716; x_wconf 87' lang='lat' dir='ltr'><strong>insano</strong></span> <span class='ocrx_word' id='word_1_141' title='bbox 673 2677 812 2734; x_wconf 88' lang='lat' dir='ltr'><strong>rumpam</strong></span> <span class='ocrx_word' id='word_1_142' title='bbox 834 2657 973 2716; x_wconf 85' lang='lat' dir='ltr'><strong>convicia</strong></span> <span class='ocrx_word' id='word_1_143' title='bbox 990 2657 1133 2736; x_wconf 74' lang='lat' dir='ltr'><strong>planctu?</strong></span> 
     </span>
     <span class='ocr_line' id='line_1_25' title="bbox 332 2739 1204 2819; baseline 0.002 -23"><span class='ocrx_word' id='word_1_144' title='bbox 332 2739 413 2815; x_wconf 83' lang='lat' dir='ltr'><strong>Quid</strong></span> <span class='ocrx_word' id='word_1_145' title='bbox 432 2742 560 2815; x_wconf 76' lang='lat' dir='ltr'><strong>querar?</strong></span> <span class='ocrx_word' id='word_1_146' title='bbox 580 2743 660 2802; x_wconf 91' lang='lat' dir='ltr'><strong>unde</strong></span> <span class='ocrx_word' id='word_1_147' title='bbox 683 2762 752 2801; x_wconf 92' lang='lat' dir='ltr'><strong>meo</strong></span> <span class='ocrx_word' id='word_1_148' title='bbox 776 2755 920 2819; x_wconf 83' lang='lat' dir='ltr'><strong>quaestus</strong></span> <span class='ocrx_word' id='word_1_149' title='bbox 941 2761 977 2800; x_wconf 88' lang='lat' dir='ltr'><strong>ac</strong></span> <span class='ocrx_word' id='word_1_150' title='bbox 995 2744 1088 2802; x_wconf 87' lang='lat' dir='ltr'><strong>verba</strong></span> <span class='ocrx_word' id='word_1_151' title='bbox 1110 2740 1204 2800; x_wconf 87' lang='lat' dir='ltr'><strong>dolori</strong></span> 
     </span>
     <span class='ocr_line' id='line_1_26' title="bbox 333 2823 1159 2904; baseline 0 -20"><span class='ocrx_word' id='word_1_152' title='bbox 333 2823 512 2884; x_wconf 78' lang='lat' dir='ltr'><strong>Sufficiam?</strong></span> <span class='ocrx_word' id='word_1_153' title='bbox 531 2835 632 2904; x_wconf 88' lang='lat' dir='ltr'><strong>stupet</strong></span> <span class='ocrx_word' id='word_1_154' title='bbox 651 2847 720 2889; x_wconf 86' lang='lat' dir='ltr'><strong>ecce</strong></span> <span class='ocrx_word' id='word_1_155' title='bbox 742 2847 819 2886; x_wconf 86' lang='lat' dir='ltr'><strong>novo</strong></span> <span class='ocrx_word' id='word_1_156' title='bbox 839 2846 925 2887; x_wconf 89' lang='lat' dir='ltr'><strong>mens</strong></span> <span class='ocrx_word' id='word_1_157' title='bbox 948 2829 1048 2888; x_wconf 90' lang='lat' dir='ltr'><strong>obsita</strong></span> <span class='ocrx_word' id='word_1_158' title='bbox 1066 2827 1159 2900; x_wconf 91' lang='lat' dir='ltr'><strong>luctu,</strong></span> 
     </span>
     <span class='ocr_line' id='line_1_27' title="bbox 329 2908 1240 2988; baseline 0.001 -21"><span class='ocrx_word' id='word_1_159' title='bbox 329 2908 408 2983; x_wconf 87' lang='lat' dir='ltr'><strong>Nec,</strong></span> <span class='ocrx_word' id='word_1_160' title='bbox 426 2911 497 2986; x_wconf 87' lang='lat' dir='ltr'><strong>quid</strong></span> <span class='ocrx_word' id='word_1_161' title='bbox 519 2916 647 2988; x_wconf 87' lang='lat' dir='ltr'><strong>promat,</strong></span> <span class='ocrx_word' id='word_1_162' title='bbox 670 2913 770 2986; x_wconf 89' lang='lat' dir='ltr'><strong>babet,</strong></span> <span class='ocrx_word' id='word_1_163' title='bbox 792 2914 861 2970; x_wconf 91' lang='lat' dir='ltr'><strong>dum</strong></span> <span class='ocrx_word' id='word_1_164' title='bbox 876 2922 972 2972; x_wconf 87' lang='lat' dir='ltr'><strong>semet</strong></span> <span class='ocrx_word' id='word_1_165' title='bbox 986 2914 1016 2972; x_wconf 91' lang='lat' dir='ltr'><strong>in</strong></span> <span class='ocrx_word' id='word_1_166' title='bbox 1029 2913 1130 2972; x_wconf 90' lang='lat' dir='ltr'><strong>omnia</strong></span> <span class='ocrx_word' id='word_1_167' title='bbox 1141 2910 1240 2970; x_wconf 87' lang='lat' dir='ltr'><strong>vertit.</strong></span> 
     </span>
     <span class='ocr_line' id='line_1_28' title="bbox 331 2993 1089 3076; baseline 0.001 -21"><span class='ocrx_word' id='word_1_168' title='bbox 331 2993 455 3055; x_wconf 90' lang='lat' dir='ltr'><strong>Scilicet</strong></span> <span class='ocrx_word' id='word_1_169' title='bbox 478 2996 617 3056; x_wconf 80' lang='lat' dir='ltr'><strong>effabor?</strong></span> <span class='ocrx_word' id='word_1_170' title='bbox 637 2999 729 3059; x_wconf 73' lang='lat' dir='ltr'><strong>tanda</strong></span> <span class='ocrx_word' id='word_1_171' title='bbox 751 2999 809 3057; x_wconf 87' lang='lat' dir='ltr'><strong>sim</strong></span> <span class='ocrx_word' id='word_1_172' title='bbox 830 2998 960 3057; x_wconf 88' lang='lat' dir='ltr'><strong>luctibus</strong></span> <span class='ocrx_word' id='word_1_173' title='bbox 982 2999 1089 3076; x_wconf 88' lang='lat' dir='ltr'><strong>impar.</strong></span> 
     </span>
     <span class='ocr_line' id='line_1_29' title="bbox 329 3079 1185 3158; baseline 0.002 -20"><span class='ocrx_word' id='word_1_174' title='bbox 329 3079 465 3139; x_wconf 85' lang='lat' dir='ltr'><strong>Vulnera</strong></span> <span class='ocrx_word' id='word_1_175' title='bbox 481 3081 689 3141; x_wconf 76' lang='lat' dir='ltr'><strong>dissimulem?</strong></span> <span class='ocrx_word' id='word_1_176' title='bbox 709 3084 833 3155; x_wconf 89' lang='lat' dir='ltr'><strong>misero,</strong></span> <span class='ocrx_word' id='word_1_177' title='bbox 853 3084 1051 3158; x_wconf 87' lang='lat' dir='ltr'><strong>quodcunque</strong></span> <span class='ocrx_word' id='word_1_178' title='bbox 1071 3091 1185 3141; x_wconf 86' lang='lat' dir='ltr'><strong>tacetur</strong></span> 
     </span>
     <span class='ocr_line' id='line_1_30' title="bbox 328 3165 1060 3244; baseline 0.004 -20"><span class='ocrx_word' id='word_1_179' title='bbox 328 3165 438 3226; x_wconf 80' lang='lat' dir='ltr'><strong>Acrius</strong></span> <span class='ocrx_word' id='word_1_180' title='bbox 461 3166 583 3225; x_wconf 82' lang='lat' dir='ltr'><strong>insidit:</strong></span> <span class='ocrx_word' id='word_1_181' title='bbox 602 3168 743 3244; x_wconf 89' lang='lat' dir='ltr'><strong>luctuque</strong></span> <span class='ocrx_word' id='word_1_182' title='bbox 767 3187 915 3244; x_wconf 82' lang='lat' dir='ltr'><strong>expressa</strong></span> <span class='ocrx_word' id='word_1_183' title='bbox 935 3169 1060 3243; x_wconf 89' lang='lat' dir='ltr'><strong>querela</strong></span> 
     </span>
     <span class='ocr_line' id='line_1_31' title="bbox 328 3250 1127 3331; baseline 0.003 -24"><span class='ocrx_word' id='word_1_184' title='bbox 328 3250 467 3312; x_wconf 82' lang='lat' dir='ltr'><strong>Infantes</strong></span> <span class='ocrx_word' id='word_1_185' title='bbox 488 3253 602 3329; x_wconf 89' lang='lat' dir='ltr'><strong>promit</strong></span> <span class='ocrx_word' id='word_1_186' title='bbox 619 3253 758 3331; x_wconf 83' lang='lat' dir='ltr'><strong>gemitus,</strong></span> <span class='ocrx_word' id='word_1_187' title='bbox 782 3271 818 3311; x_wconf 89' lang='lat' dir='ltr'><strong>ac</strong></span> <span class='ocrx_word' id='word_1_188' title='bbox 840 3270 993 3312; x_wconf 87' lang='lat' dir='ltr'><strong>murmura</strong></span> <span class='ocrx_word' id='word_1_189' title='bbox 1013 3262 1127 3312; x_wconf 82' lang='lat' dir='ltr'><strong>trunca.</strong></span> 
     </span>
     <span class='ocr_line' id='line_1_32' title="bbox 329 3334 1111 3412; baseline 0.006 -20"><span class='ocrx_word' id='word_1_190' title='bbox 329 3334 433 3411; x_wconf 89' lang='lat' dir='ltr'><strong>Ipsae,</strong></span> <span class='ocrx_word' id='word_1_191' title='bbox 455 3357 532 3412; x_wconf 82' lang='lat' dir='ltr'><strong>quae</strong></span> <span class='ocrx_word' id='word_1_192' title='bbox 551 3346 673 3398; x_wconf 89' lang='lat' dir='ltr'><strong>nostros</strong></span> <span class='ocrx_word' id='word_1_193' title='bbox 694 3338 804 3398; x_wconf 88' lang='lat' dir='ltr'><strong>solitae</strong></span> <span class='ocrx_word' id='word_1_194' title='bbox 827 3337 958 3396; x_wconf 88' lang='lat' dir='ltr'><strong>mulcere</strong></span> <span class='ocrx_word' id='word_1_195' title='bbox 980 3339 1111 3410; x_wconf 86' lang='lat' dir='ltr'><strong>labores,</strong></span> 
     </span>
    </p>

    <p class='ocr_par' dir='ltr' id='par_1_10' title="bbox 327 3419 1154 3754">
     <span class='ocr_line' id='line_1_33' title="bbox 328 3419 1114 3500; baseline 0.004 -22"><span class='ocrx_word' id='word_1_196' title='bbox 328 3419 378 3478; x_wconf 86' lang='lat' dir='ltr'><strong>Ad</strong></span> <span class='ocrx_word' id='word_1_197' title='bbox 399 3439 476 3494; x_wconf 86' lang='lat' dir='ltr'><strong>quas</strong></span> <span class='ocrx_word' id='word_1_198' title='bbox 497 3423 666 3500; x_wconf 79' lang='lat' dir='ltr'><strong>perfugium</strong></span> <span class='ocrx_word' id='word_1_199' title='bbox 689 3423 771 3483; x_wconf 86' lang='lat' dir='ltr'><strong>duris</strong></span> <span class='ocrx_word' id='word_1_200' title='bbox 793 3424 823 3482; x_wconf 93' lang='lat' dir='ltr'><strong>in</strong></span> <span class='ocrx_word' id='word_1_201' title='bbox 842 3425 933 3483; x_wconf 89' lang='lat' dir='ltr'><strong>rebus</strong></span> <span class='ocrx_word' id='word_1_202' title='bbox 954 3425 1114 3495; x_wconf 86' lang='lat' dir='ltr'><strong>habebam,</strong></span> 
     </span>
     <span class='ocr_line' id='line_1_34' title="bbox 327 3503 1154 3584; baseline 0.004 -23"><span class='ocrx_word' id='word_1_203' title='bbox 327 3503 522 3565; x_wconf 82' lang='lat' dir='ltr'><strong>Praeduxere</strong></span> <span class='ocrx_word' id='word_1_204' title='bbox 543 3509 634 3568; x_wconf 91' lang='lat' dir='ltr'><strong>situm</strong></span> <span class='ocrx_word' id='word_1_205' title='bbox 656 3509 845 3584; x_wconf 87' lang='lat' dir='ltr'><strong>squalentem</strong></span> <span class='ocrx_word' id='word_1_206' title='bbox 868 3527 904 3566; x_wconf 91' lang='lat' dir='ltr'><strong>ac</strong></span> <span class='ocrx_word' id='word_1_207' title='bbox 924 3509 1029 3568; x_wconf 89' lang='lat' dir='ltr'><strong>nubila</strong></span> <span class='ocrx_word' id='word_1_208' title='bbox 1048 3507 1154 3580; x_wconf 88' lang='lat' dir='ltr'><strong>menti,</strong></span> 
     </span>
     <span class='ocr_line' id='line_1_35' title="bbox 328 3588 1152 3667; baseline 0.002 -20"><span class='ocrx_word' id='word_1_209' title='bbox 328 3588 397 3648; x_wconf 88' lang='lat' dir='ltr'><strong>Nec</strong></span> <span class='ocrx_word' id='word_1_210' title='bbox 415 3609 485 3648; x_wconf 82' lang='lat' dir='ltr'><strong>mea</strong></span> <span class='ocrx_word' id='word_1_211' title='bbox 503 3603 685 3667; x_wconf 85' lang='lat' dir='ltr'><strong>responsant</strong></span> <span class='ocrx_word' id='word_1_212' title='bbox 704 3594 813 3654; x_wconf 79' lang='lat' dir='ltr'><strong>faciles</strong></span> <span class='ocrx_word' id='word_1_213' title='bbox 836 3593 966 3652; x_wconf 82' lang='lat' dir='ltr'><strong>advola</strong></span> <span class='ocrx_word' id='word_1_214' title='bbox 988 3592 1152 3654; x_wconf 84' lang='lat' dir='ltr'><strong>Camenae.</strong></span> 
     </span>
     <span class='ocr_line' id='line_1_36' title="bbox 330 3673 1112 3754; baseline 0.003 -18"><span class='ocrx_word' id='word_1_215' title='bbox 330 3673 468 3752; x_wconf 79' lang='lat' dir='ltr'><strong>Septima</strong></span> <span class='ocrx_word' id='word_1_216' title='bbox 486 3675 547 3732; x_wconf 90' lang='lat' dir='ltr'><strong>iam</strong></span> <span class='ocrx_word' id='word_1_217' title='bbox 570 3680 667 3736; x_wconf 85' lang='lat' dir='ltr'><strong>reficit</strong></span> <span class='ocrx_word' id='word_1_218' title='bbox 687 3680 826 3738; x_wconf 86' lang='lat' dir='ltr'><strong>Lunares</strong></span> <span class='ocrx_word' id='word_1_219' title='bbox 848 3679 945 3736; x_wconf 88' lang='lat' dir='ltr'><strong>orbita</strong></span> <span class='ocrx_word' id='word_1_220' title='bbox 966 3678 1112 3754; x_wconf 86' lang='lat' dir='ltr'><strong>cursus[‚]</strong></span> 
     </span>
    </p>

    <p class='ocr_par' dir='ltr' id='par_1_11' title="bbox 329 3759 1145 3838">
     <span class='ocr_line' id='line_1_37' title="bbox 329 3759 1145 3838; baseline -0.001 -18"><span class='ocrx_word' id='word_1_221' title='bbox 329 3759 405 3820; x_wconf 81' lang='lat' dir='ltr'><strong>(lum</strong></span> <span class='ocrx_word' id='word_1_222' title='bbox 426 3761 510 3818; x_wconf 87' lang='lat' dir='ltr'><strong>dirae</strong></span> <span class='ocrx_word' id='word_1_223' title='bbox 532 3762 635 3821; x_wconf 86' lang='lat' dir='ltr'><strong>mortis</strong></span> <span class='ocrx_word' id='word_1_224' title='bbox 655 3763 791 3838; x_wconf 89' lang='lat' dir='ltr'><strong>trepidas</strong></span> <span class='ocrx_word' id='word_1_225' title='bbox 813 3761 886 3818; x_wconf 92' lang='lat' dir='ltr'><strong>mihi</strong></span> <span class='ocrx_word' id='word_1_226' title='bbox 909 3762 1035 3821; x_wconf 89' lang='lat' dir='ltr'><strong>nuncius</strong></span> <span class='ocrx_word' id='word_1_227' title='bbox 1057 3779 1145 3820; x_wconf 88' lang='lat' dir='ltr'><strong>aures</strong></span> 
     </span>
    </p>
   </div>
   <div class='ocr_carea' id='block_1_4' title="bbox 0 0 1534 4492">
    <p class='ocr_par' dir='ltr' id='par_1_12' title="bbox 0 0 1534 4492">
     <span class='ocr_line' id='line_1_38' title="bbox 0 0 1534 4492; baseline 0 0"><span class='ocrx_word' id='word_1_228' title='bbox 0 0 1534 4492; x_wconf 95' lang='lat' dir='ltr'><strong> </strong></span> 
     </span>
    </p>
   </div>
  </div>
 </body>
</html>
