<?xml version="1.0" encoding="UTF-8"?>
<!DOCTYPE html PUBLIC "-//W3C//DTD XHTML 1.0 Transitional//EN"
    "http://www.w3.org/TR/xhtml1/DTD/xhtml1-transitional.dtd">
<html xmlns="http://www.w3.org/1999/xhtml" xml:lang="en" lang="en">
 <head>
  <title>
</title>
<meta http-equiv="Content-Type" content="text/html;charset=utf-8" />
  <meta name='ocr-system' content='tesseract 3.04.00' />
  <meta name='ocr-capabilities' content='ocr_page ocr_carea ocr_par ocr_line ocrx_word'/>
</head>
<body>
  <div class='ocr_page' id='page_1' title='image "./poemataomnia01scalgoog_0364.png"; bbox 0 0 3059 4492; ppageno 0'>
   <div class='ocr_carea' id='block_1_1' title="bbox 738 503 887 601">
    <p class='ocr_par' dir='ltr' id='par_1_1' title="bbox 738 503 887 601">
     <span class='ocr_line' id='line_1_1' title="bbox 738 503 887 601; baseline 0 -36"><span class='ocrx_word' id='word_1_1' title='bbox 738 503 887 601; x_wconf 46' lang='lat' dir='ltr'>—eso-</span> 
     </span>
    </p>
   </div>
   <div class='ocr_carea' id='block_1_2' title="bbox 289 675 1140 3819">
    <p class='ocr_par' dir='ltr' id='par_1_2' title="bbox 356 675 1115 753">
     <span class='ocr_line' id='line_1_2' title="bbox 356 675 1115 753; baseline -0.004 -18"><span class='ocrx_word' id='word_1_2' title='bbox 356 675 499 752; x_wconf 86' lang='lat' dir='ltr'>Namque</span> <span class='ocrx_word' id='word_1_3' title='bbox 519 676 587 750; x_wconf 82' lang='lat' dir='ltr'>ipsa</span> <span class='ocrx_word' id='word_1_4' title='bbox 607 693 755 733; x_wconf 90' lang='lat' dir='ltr'>summum</span> <span class='ocrx_word' id='word_1_5' title='bbox 779 676 888 753; x_wconf 83' lang='lat' dir='ltr'>diriget</span> <span class='ocrx_word' id='word_1_6' title='bbox 908 675 1001 732; x_wconf 83' lang='lat' dir='ltr'>telum</span> <span class='ocrx_word' id='word_1_7' title='bbox 1022 690 1115 732; x_wconf 85' lang='lat' dir='ltr'>manu</span> 
     </span>
    </p>

    <p class='ocr_par' dir='ltr' id='par_1_3' title="bbox 289 759 1099 1175">
     <span class='ocr_line' id='line_1_3' title="bbox 289 759 1026 838; baseline 0 -21"><span class='ocrx_word' id='word_1_8' title='bbox 289 763 340 818; x_wconf 82' lang='lat'>915</span> <span class='ocrx_word' id='word_1_9' title='bbox 359 762 502 820; x_wconf 91' lang='lat' dir='ltr'>Tendens</span> <span class='ocrx_word' id='word_1_10' title='bbox 523 767 624 817; x_wconf 88' lang='lat' dir='ltr'>tenum</span> <span class='ocrx_word' id='word_1_11' title='bbox 645 760 747 838; x_wconf 79' lang='lat' dir='ltr'>virago</span> <span class='ocrx_word' id='word_1_12' title='bbox 769 763 906 818; x_wconf 88' lang='lat' dir='ltr'>Maeoten</span> <span class='ocrx_word' id='word_1_13' title='bbox 928 759 1026 818; x_wconf 87' lang='lat' dir='ltr'>Tuha.</span> 
     </span>
     <span class='ocr_line' id='line_1_4' title="bbox 360 845 1050 919; baseline -0.006 -14"><span class='ocrx_word' id='word_1_14' title='bbox 360 847 462 906; x_wconf 88' lang='lat' dir='ltr'>Durae</span> <span class='ocrx_word' id='word_1_15' title='bbox 485 845 523 903; x_wconf 89' lang='lat' dir='ltr'>ad</span> <span class='ocrx_word' id='word_1_16' title='bbox 542 846 654 902; x_wconf 87' lang='lat' dir='ltr'>fluenta</span> <span class='ocrx_word' id='word_1_17' title='bbox 677 847 727 919; x_wconf 89' lang='lat' dir='ltr'>qui</span> <span class='ocrx_word' id='word_1_18' title='bbox 750 853 883 905; x_wconf 84' lang='lat' dir='ltr'>cremato</span> <span class='ocrx_word' id='word_1_19' title='bbox 905 845 1050 902; x_wconf 82' lang='lat' dir='ltr'>acerrimo</span> 
     </span>
     <span class='ocr_line' id='line_1_5' title="bbox 360 928 1056 1007; baseline -0.004 -18"><span class='ocrx_word' id='word_1_20' title='bbox 360 933 477 994; x_wconf 77' lang='lat' dir='ltr'>Leone,</span> <span class='ocrx_word' id='word_1_21' title='bbox 501 929 590 1007; x_wconf 86' lang='lat' dir='ltr'>valgo</span> <span class='ocrx_word' id='word_1_22' title='bbox 614 929 769 988; x_wconf 84' lang='lat' dir='ltr'>dexteram</span> <span class='ocrx_word' id='word_1_23' title='bbox 792 931 920 988; x_wconf 85' lang='lat' dir='ltr'>armavit</span> <span class='ocrx_word' id='word_1_24' title='bbox 942 928 1056 1005; x_wconf 78' lang='lat' dir='ltr'><strong>Scytha</strong></span> 
     </span>
     <span class='ocr_line' id='line_1_6' title="bbox 361 1013 1039 1092; baseline -0.006 -17"><span class='ocrx_word' id='word_1_25' title='bbox 361 1015 502 1088; x_wconf 76' lang='lat' dir='ltr'>colubro,</span> <span class='ocrx_word' id='word_1_26' title='bbox 526 1013 682 1073; x_wconf 88' lang='lat' dir='ltr'>volantum</span> <span class='ocrx_word' id='word_1_27' title='bbox 701 1017 851 1092; x_wconf 90' lang='lat' dir='ltr'>pinsitore</span> <span class='ocrx_word' id='word_1_28' title='bbox 872 1014 1039 1091; x_wconf 91' lang='lat' dir='ltr'>cuspidnm.</span> 
     </span>
     <span class='ocr_line' id='line_1_7' title="bbox 360 1100 1099 1175; baseline -0.004 -15"><span class='ocrx_word' id='word_1_29' title='bbox 360 1100 481 1160; x_wconf 84' lang='lat' dir='ltr'>Crathis</span> <span class='ocrx_word' id='word_1_30' title='bbox 505 1100 672 1175; x_wconf 90' lang='lat' dir='ltr'>sepulcrum</span> <span class='ocrx_word' id='word_1_31' title='bbox 697 1101 751 1158; x_wconf 90' lang='lat' dir='ltr'>sed</span> <span class='ocrx_word' id='word_1_32' title='bbox 773 1100 886 1158; x_wconf 88' lang='lat' dir='ltr'>videbit</span> <span class='ocrx_word' id='word_1_33' title='bbox 907 1102 1015 1158; x_wconf 86' lang='lat' dir='ltr'>mortui</span> <span class='ocrx_word' id='word_1_34' title='bbox 1094 1118 1099 1126; x_wconf 84' lang='lat'><strong>·</strong></span> 
     </span>
    </p>

    <p class='ocr_par' dir='ltr' id='par_1_4' title="bbox 289 1184 932 1259">
     <span class='ocr_line' id='line_1_8' title="bbox 289 1184 932 1259; baseline 0.006 -21"><span class='ocrx_word' id='word_1_35' title='bbox 289 1184 341 1238; x_wconf 74' lang='lat'>920</span> <span class='ocrx_word' id='word_1_36' title='bbox 358 1187 407 1244; x_wconf 79' lang='lat' dir='ltr'>Ad</span> <span class='ocrx_word' id='word_1_37' title='bbox 429 1187 490 1242; x_wconf 92' lang='lat' dir='ltr'>ima</span> <span class='ocrx_word' id='word_1_38' title='bbox 509 1184 620 1259; x_wconf 88' lang='lat' dir='ltr'>templa</span> <span class='ocrx_word' id='word_1_39' title='bbox 638 1185 774 1244; x_wconf 87' lang='lat' dir='ltr'>bitientis</span> <span class='ocrx_word' id='word_1_40' title='bbox 797 1185 932 1257; x_wconf 69' lang='lat' dir='ltr'>Patami,</span> 
     </span>
    </p>

    <p class='ocr_par' dir='ltr' id='par_1_5' title="bbox 356 1269 1000 1346">
     <span class='ocr_line' id='line_1_9' title="bbox 356 1269 1000 1346; baseline -0.005 -16"><span class='ocrx_word' id='word_1_41' title='bbox 356 1271 419 1330; x_wconf 92' lang='lat' dir='ltr'>Ubi</span> <span class='ocrx_word' id='word_1_42' title='bbox 440 1289 549 1329; x_wconf 88' lang='lat' dir='ltr'>sonora</span> <span class='ocrx_word' id='word_1_43' title='bbox 569 1276 678 1346; x_wconf 84' lang='lat' dir='ltr'>stagna</span> <span class='ocrx_word' id='word_1_44' title='bbox 697 1269 876 1328; x_wconf 87' lang='lat' dir='ltr'>Nanaethus</span> <span class='ocrx_word' id='word_1_45' title='bbox 898 1270 1000 1328; x_wconf 87' lang='lat' dir='ltr'>vomit.</span> 
     </span>
    </p>

    <p class='ocr_par' dir='ltr' id='par_1_6' title="bbox 357 1354 946 1432">
     <span class='ocr_line' id='line_1_10' title="bbox 357 1354 946 1432; baseline -0.003 -20"><span class='ocrx_word' id='word_1_46' title='bbox 357 1356 462 1432; x_wconf 90' lang='lat' dir='ltr'>Ipsum</span> <span class='ocrx_word' id='word_1_47' title='bbox 484 1354 635 1411; x_wconf 87' lang='lat' dir='ltr'>necabunt</span> <span class='ocrx_word' id='word_1_48' title='bbox 655 1358 795 1413; x_wconf 83' lang='lat' dir='ltr'>Ausones</span> <span class='ocrx_word' id='word_1_49' title='bbox 815 1354 946 1412; x_wconf 87' lang='lat' dir='ltr'>Pellenii</span> 
     </span>
    </p>

    <p class='ocr_par' dir='ltr' id='par_1_7' title="bbox 358 1439 1007 1516">
     <span class='ocr_line' id='line_1_11' title="bbox 358 1439 1007 1516; baseline -0.003 -16"><span class='ocrx_word' id='word_1_50' title='bbox 358 1440 457 1515; x_wconf 86' lang='lat' dir='ltr'>Opem</span> <span class='ocrx_word' id='word_1_51' title='bbox 479 1439 625 1497; x_wconf 84' lang='lat' dir='ltr'>ferentem</span> <span class='ocrx_word' id='word_1_52' title='bbox 647 1440 790 1498; x_wconf 74' lang='lat' dir='ltr'>Lindiam</span> <span class='ocrx_word' id='word_1_53' title='bbox 809 1440 1007 1516; x_wconf 88' lang='lat' dir='ltr'>praetoribus,</span> 
     </span>
    </p>

    <p class='ocr_par' dir='ltr' id='par_1_8' title="bbox 358 1523 1140 1601">
     <span class='ocr_line' id='line_1_12' title="bbox 358 1523 1140 1601; baseline -0.001 -20"><span class='ocrx_word' id='word_1_54' title='bbox 358 1524 446 1599; x_wconf 82' lang='lat' dir='ltr'>Quos</span> <span class='ocrx_word' id='word_1_55' title='bbox 469 1523 650 1599; x_wconf 87' lang='lat' dir='ltr'>Thermydri</span> <span class='ocrx_word' id='word_1_56' title='bbox 672 1543 745 1598; x_wconf 89' lang='lat' dir='ltr'>quos</span> <span class='ocrx_word' id='word_1_57' title='bbox 769 1523 912 1600; x_wconf 83' lang='lat' dir='ltr'>Carpathi</span> <span class='ocrx_word' id='word_1_58' title='bbox 931 1525 1011 1601; x_wconf 84' lang='lat' dir='ltr'>iugis</span> <span class='ocrx_word' id='word_1_59' title='bbox 1032 1523 1140 1601; x_wconf 84' lang='lat' dir='ltr'>procul</span> 
     </span>
    </p>

    <p class='ocr_par' dir='ltr' id='par_1_9' title="bbox 289 1604 1035 1769">
     <span class='ocr_line' id='line_1_13' title="bbox 289 1604 1035 1686; baseline 0.001 -20"><span class='ocrx_word' id='word_1_60' title='bbox 289 1604 340 1658; x_wconf 71' lang='lat'>925</span> <span class='ocrx_word' id='word_1_61' title='bbox 359 1609 458 1686; x_wconf 87' lang='lat' dir='ltr'>Vagos</span> <span class='ocrx_word' id='word_1_62' title='bbox 480 1625 623 1666; x_wconf 87' lang='lat' dir='ltr'>coruscus</span> <span class='ocrx_word' id='word_1_63' title='bbox 647 1609 812 1667; x_wconf 76' lang='lat' dir='ltr'>Thraecias</span> <span class='ocrx_word' id='word_1_64' title='bbox 832 1610 929 1672; x_wconf 83' lang='lat' dir='ltr'>mittet</span> <span class='ocrx_word' id='word_1_65' title='bbox 951 1610 1035 1668; x_wconf 90' lang='lat' dir='ltr'>canis</span> 
     </span>
     <span class='ocr_line' id='line_1_14' title="bbox 357 1691 971 1769; baseline 0 -18"><span class='ocrx_word' id='word_1_66' title='bbox 357 1692 443 1752; x_wconf 88' lang='lat' dir='ltr'>Novi</span> <span class='ocrx_word' id='word_1_67' title='bbox 464 1691 592 1750; x_wconf 89' lang='lat' dir='ltr'>colonos</span> <span class='ocrx_word' id='word_1_68' title='bbox 614 1693 806 1769; x_wconf 85' lang='lat' dir='ltr'>hospitisque</span> <span class='ocrx_word' id='word_1_69' title='bbox 828 1693 971 1769; x_wconf 81' lang='lat' dir='ltr'>pulveris.</span> 
     </span>
    </p>

    <p class='ocr_par' dir='ltr' id='par_1_10' title="bbox 357 1775 1088 2021">
     <span class='ocr_line' id='line_1_15' title="bbox 357 1775 1088 1854; baseline 0.001 -19"><span class='ocrx_word' id='word_1_70' title='bbox 357 1779 439 1854; x_wconf 86' lang='lat' dir='ltr'>Ergo</span> <span class='ocrx_word' id='word_1_71' title='bbox 458 1775 596 1834; x_wconf 88' lang='lat' dir='ltr'>Macellis</span> <span class='ocrx_word' id='word_1_72' title='bbox 620 1779 781 1835; x_wconf 89' lang='lat' dir='ltr'>maximum</span> <span class='ocrx_word' id='word_1_73' title='bbox 805 1778 948 1853; x_wconf 88' lang='lat' dir='ltr'>templum</span> <span class='ocrx_word' id='word_1_74' title='bbox 971 1778 1088 1836; x_wconf 76' lang='lat' dir='ltr'>incolae</span> 
     </span>
     <span class='ocr_line' id='line_1_16' title="bbox 357 1863 1075 1942; baseline -0.001 -21"><span class='ocrx_word' id='word_1_75' title='bbox 357 1863 455 1921; x_wconf 88' lang='lat' dir='ltr'>Busto</span> <span class='ocrx_word' id='word_1_76' title='bbox 478 1868 640 1942; x_wconf 76' lang='lat' dir='ltr'>struentes,</span> <span class='ocrx_word' id='word_1_77' title='bbox 663 1882 773 1920; x_wconf 90' lang='lat' dir='ltr'>numen</span> <span class='ocrx_word' id='word_1_78' title='bbox 796 1872 952 1921; x_wconf 88' lang='lat' dir='ltr'>aeternum</span> <span class='ocrx_word' id='word_1_79' title='bbox 974 1864 1075 1922; x_wconf 88' lang='lat' dir='ltr'>colent</span> 
     </span>
     <span class='ocr_line' id='line_1_17' title="bbox 358 1945 1000 2021; baseline 0.002 -15"><span class='ocrx_word' id='word_1_80' title='bbox 358 1947 515 2021; x_wconf 80' lang='lat' dir='ltr'>Libisqne‚</span> <span class='ocrx_word' id='word_1_81' title='bbox 536 1945 646 2021; x_wconf 86' lang='lat' dir='ltr'>opimis</span> <span class='ocrx_word' id='word_1_82' title='bbox 671 1954 701 2004; x_wconf 88' lang='lat' dir='ltr'>et</span> <span class='ocrx_word' id='word_1_83' title='bbox 721 1949 811 2005; x_wconf 89' lang='lat' dir='ltr'>boum</span> <span class='ocrx_word' id='word_1_84' title='bbox 833 1948 1000 2007; x_wconf 84' lang='lat' dir='ltr'>nidoribus.</span> 
     </span>
    </p>

    <p class='ocr_par' dir='ltr' id='par_1_11' title="bbox 289 2030 1013 2278">
     <span class='ocr_line' id='line_1_18' title="bbox 289 2030 1013 2108; baseline 0.011 -23"><span class='ocrx_word' id='word_1_85' title='bbox 289 2031 341 2085; x_wconf 86' lang='grc'>930</span> <span class='ocrx_word' id='word_1_86' title='bbox 357 2033 457 2091; x_wconf 79' lang='lat' dir='ltr'>Faber</span> <span class='ocrx_word' id='word_1_87' title='bbox 477 2030 588 2104; x_wconf 86' lang='lat' dir='ltr'>¹caballi</span> <span class='ocrx_word' id='word_1_88' title='bbox 610 2031 781 2108; x_wconf 78' lang='lat' dir='ltr'>hungariae</span> <span class='ocrx_word' id='word_1_89' title='bbox 799 2033 830 2089; x_wconf 94' lang='lat' dir='ltr'>in</span> <span class='ocrx_word' id='word_1_90' title='bbox 854 2032 1013 2107; x_wconf 79' lang='lat' dir='ltr'>cubilibus,</span> 
     </span>
     <span class='ocr_line' id='line_1_19' title="bbox 359 2115 965 2176; baseline -0.002 -1"><span class='ocrx_word' id='word_1_91' title='bbox 359 2117 483 2175; x_wconf 88' lang='lat' dir='ltr'>Timore</span> <span class='ocrx_word' id='word_1_92' title='bbox 502 2115 609 2174; x_wconf 84' lang='lat' dir='ltr'>Martis</span> <span class='ocrx_word' id='word_1_93' title='bbox 630 2123 660 2172; x_wconf 85' lang='lat' dir='ltr'>et</span> <span class='ocrx_word' id='word_1_94' title='bbox 676 2125 813 2174; x_wconf 81' lang='lat' dir='ltr'>catervae</span> <span class='ocrx_word' id='word_1_95' title='bbox 832 2117 965 2176; x_wconf 86' lang='lat' dir='ltr'>Thuriae</span> 
     </span>
     <span class='ocr_line' id='line_1_20' title="bbox 358 2201 969 2278; baseline 0.002 -19"><span class='ocrx_word' id='word_1_96' title='bbox 358 2201 500 2260; x_wconf 90' lang='lat' dir='ltr'>Pendens</span> <span class='ocrx_word' id='word_1_97' title='bbox 520 2201 655 2276; x_wconf 84' lang='lat' dir='ltr'>parentis</span> <span class='ocrx_word' id='word_1_98' title='bbox 679 2202 814 2278; x_wconf 84' lang='lat' dir='ltr'>peierata</span> <span class='ocrx_word' id='word_1_99' title='bbox 835 2202 969 2275; x_wconf 76' lang='lat' dir='ltr'>crimina,</span> 
     </span>
    </p>

    <p class='ocr_par' dir='ltr' id='par_1_12' title="bbox 291 2285 1119 2872">
     <span class='ocr_line' id='line_1_21' title="bbox 360 2285 1041 2363; baseline 0.006 -21"><span class='ocrx_word' id='word_1_100' title='bbox 360 2285 445 2359; x_wconf 82' lang='lat' dir='ltr'>Quae</span> <span class='ocrx_word' id='word_1_101' title='bbox 465 2303 560 2362; x_wconf 85' lang='lat' dir='ltr'>pecua</span> <span class='ocrx_word' id='word_1_102' title='bbox 581 2294 705 2362; x_wconf 85' lang='lat' dir='ltr'>propter</span> <span class='ocrx_word' id='word_1_103' title='bbox 726 2295 896 2362; x_wconf 86' lang='lat' dir='ltr'>comparata</span> <span class='ocrx_word' id='word_1_104' title='bbox 914 2289 1041 2363; x_wconf 82' lang='lat' dir='ltr'>praelio,</span> 
     </span>
     <span class='ocr_line' id='line_1_22' title="bbox 360 2368 1009 2446; baseline 0.003 -16"><span class='ocrx_word' id='word_1_105' title='bbox 360 2369 468 2430; x_wconf 81' lang='lat' dir='ltr'>Celsae</span> <span class='ocrx_word' id='word_1_106' title='bbox 492 2368 675 2429; x_wconf 85' lang='lat' dir='ltr'>Comaethns</span> <span class='ocrx_word' id='word_1_107' title='bbox 696 2371 801 2431; x_wconf 85' lang='lat' dir='ltr'>dirutis</span> <span class='ocrx_word' id='word_1_108' title='bbox 823 2372 1009 2446; x_wconf 86' lang='lat' dir='ltr'>prosimnriis</span> 
     </span>
     <span class='ocr_line' id='line_1_23' title="bbox 291 2454 1042 2532; baseline -0.001 -16"><span class='ocrx_word' id='word_1_109' title='bbox 291 2454 341 2507; x_wconf 80' lang='lat'>935</span> <span class='ocrx_word' id='word_1_110' title='bbox 360 2457 409 2516; x_wconf 91' lang='lat' dir='ltr'>Ob</span> <span class='ocrx_word' id='word_1_111' title='bbox 433 2455 598 2532; x_wconf 87' lang='lat' dir='ltr'>coniugalis</span> <span class='ocrx_word' id='word_1_112' title='bbox 623 2473 712 2513; x_wconf 85' lang='lat' dir='ltr'>curae</span> <span class='ocrx_word' id='word_1_113' title='bbox 735 2475 870 2512; x_wconf 89' lang='lat' dir='ltr'>amorem</span> <span class='ocrx_word' id='word_1_114' title='bbox 890 2458 1042 2530; x_wconf 76' lang='lat' dir='ltr'>uxorium,</span> 
     </span>
     <span class='ocr_line' id='line_1_24' title="bbox 357 2538 941 2616; baseline 0 -18"><span class='ocrx_word' id='word_1_115' title='bbox 357 2541 393 2598; x_wconf 92' lang='lat' dir='ltr'>Iu</span> <span class='ocrx_word' id='word_1_116' title='bbox 416 2539 562 2598; x_wconf 85' lang='lat' dir='ltr'>Bellicam</span> <span class='ocrx_word' id='word_1_117' title='bbox 585 2538 754 2616; x_wconf 80' lang='lat' dir='ltr'>Cydoniam</span> <span class='ocrx_word' id='word_1_118' title='bbox 776 2540 941 2616; x_wconf 81' lang='lat' dir='ltr'>viraginem</span> 
     </span>
     <span class='ocr_line' id='line_1_25' title="bbox 359 2623 943 2700; baseline -0.003 -16"><span class='ocrx_word' id='word_1_119' title='bbox 359 2623 607 2699; x_wconf 84' lang='lat' dir='ltr'>Crestoniumque</span> <span class='ocrx_word' id='word_1_120' title='bbox 626 2626 777 2700; x_wconf 82' lang='lat' dir='ltr'>peieravit</span> <span class='ocrx_word' id='word_1_121' title='bbox 793 2626 823 2682; x_wconf 92' lang='lat' dir='ltr'>in</span> <span class='ocrx_word' id='word_1_122' title='bbox 845 2625 943 2684; x_wconf 90' lang='lat' dir='ltr'>Deum</span> 
     </span>
     <span class='ocr_line' id='line_1_26' title="bbox 358 2709 1101 2785; baseline 0.005 -19"><span class='ocrx_word' id='word_1_123' title='bbox 358 2709 477 2784; x_wconf 89' lang='lat' dir='ltr'>Lupum</span> <span class='ocrx_word' id='word_1_124' title='bbox 501 2709 659 2784; x_wconf 85' lang='lat' dir='ltr'>Quirinum</span> <span class='ocrx_word' id='word_1_125' title='bbox 682 2711 861 2768; x_wconf 87' lang='lat' dir='ltr'>Trossulum</span> <span class='ocrx_word' id='word_1_126' title='bbox 880 2711 1101 2785; x_wconf 81' lang='lat' dir='ltr'>Flexnminsm‚</span> 
     </span>
     <span class='ocr_line' id='line_1_27' title="bbox 359 2794 1119 2872; baseline 0.007 -22"><span class='ocrx_word' id='word_1_127' title='bbox 359 2794 421 2869; x_wconf 82' lang='lat' dir='ltr'>Qui</span> <span class='ocrx_word' id='word_1_128' title='bbox 440 2794 640 2852; x_wconf 87' lang='lat' dir='ltr'>torminosum</span> <span class='ocrx_word' id='word_1_129' title='bbox 668 2796 815 2872; x_wconf 88' lang='lat' dir='ltr'>praelium</span> <span class='ocrx_word' id='word_1_130' title='bbox 837 2795 868 2852; x_wconf 91' lang='lat' dir='ltr'>in</span> <span class='ocrx_word' id='word_1_131' title='bbox 891 2795 1013 2853; x_wconf 69' lang='lat' dir='ltr'>frumein</span> <span class='ocrx_word' id='word_1_132' title='bbox 1036 2796 1119 2855; x_wconf 81' lang='lat' dir='ltr'>dedit</span> 
     </span>
    </p>

    <p class='ocr_par' dir='ltr' id='par_1_13' title="bbox 291 2879 1019 3038">
     <span class='ocr_line' id='line_1_28' title="bbox 291 2879 1019 2957; baseline 0.005 -25"><span class='ocrx_word' id='word_1_133' title='bbox 291 2879 343 2932; x_wconf 79' lang='grc'>940</span> <span class='ocrx_word' id='word_1_134' title='bbox 360 2880 445 2936; x_wconf 87' lang='lat' dir='ltr'>Intra</span> <span class='ocrx_word' id='word_1_135' title='bbox 466 2879 602 2954; x_wconf 88' lang='lat' dir='ltr'>parentis</span> <span class='ocrx_word' id='word_1_136' title='bbox 622 2879 757 2937; x_wconf 85' lang='lat' dir='ltr'>intimam</span> <span class='ocrx_word' id='word_1_137' title='bbox 781 2879 902 2956; x_wconf 84' lang='lat' dir='ltr'>bulgam</span> <span class='ocrx_word' id='word_1_138' title='bbox 926 2880 1019 2957; x_wconf 83' lang='lat' dir='ltr'>pugil,</span> 
     </span>
     <span class='ocr_line' id='line_1_29' title="bbox 357 2963 981 3038; baseline -0.002 -16"><span class='ocrx_word' id='word_1_139' title='bbox 357 2963 470 3022; x_wconf 85' lang='lat' dir='ltr'>Natale</span> <span class='ocrx_word' id='word_1_140' title='bbox 491 2963 623 3021; x_wconf 91' lang='lat' dir='ltr'>nondum</span> <span class='ocrx_word' id='word_1_141' title='bbox 645 2965 720 3023; x_wconf 90' lang='lat' dir='ltr'>lucis</span> <span class='ocrx_word' id='word_1_142' title='bbox 742 2966 863 3023; x_wconf 87' lang='lat' dir='ltr'>intuens</span> <span class='ocrx_word' id='word_1_143' title='bbox 884 2966 981 3038; x_wconf 87' lang='lat' dir='ltr'>iubar,</span> 
     </span>
    </p>

    <p class='ocr_par' dir='ltr' id='par_1_14' title="bbox 358 3048 1132 3292">
     <span class='ocr_line' id='line_1_30' title="bbox 358 3048 1058 3109; baseline 0.001 -2"><span class='ocrx_word' id='word_1_144' title='bbox 358 3048 425 3107; x_wconf 86' lang='lat' dir='ltr'>Nec</span> <span class='ocrx_word' id='word_1_145' title='bbox 444 3048 521 3106; x_wconf 91' lang='lat' dir='ltr'>liber</span> <span class='ocrx_word' id='word_1_146' title='bbox 544 3067 562 3104; x_wconf 91' lang='lat' dir='ltr'>a</span> <span class='ocrx_word' id='word_1_147' title='bbox 578 3048 751 3107; x_wconf 78' lang='lat' dir='ltr'>Pertundas</span> <span class='ocrx_word' id='word_1_148' title='bbox 769 3050 866 3107; x_wconf 88' lang='lat' dir='ltr'>adhuc</span> <span class='ocrx_word' id='word_1_149' title='bbox 886 3049 1058 3109; x_wconf 86' lang='lat' dir='ltr'>laboribus:</span> 
     </span>
     <span class='ocr_line' id='line_1_31' title="bbox 358 3133 968 3207; baseline 0 -15"><span class='ocrx_word' id='word_1_150' title='bbox 358 3133 572 3192; x_wconf 89' lang='lat' dir='ltr'>Meticulosum</span> <span class='ocrx_word' id='word_1_151' title='bbox 597 3152 708 3192; x_wconf 86' lang='lat' dir='ltr'>auxere</span> <span class='ocrx_word' id='word_1_152' title='bbox 730 3135 773 3193; x_wconf 89' lang='lat' dir='ltr'>sic</span> <span class='ocrx_word' id='word_1_153' title='bbox 794 3135 886 3192; x_wconf 87' lang='lat' dir='ltr'>fetum</span> <span class='ocrx_word' id='word_1_154' title='bbox 909 3135 968 3207; x_wconf 86' lang='lat' dir='ltr'>dei,</span> 
     </span>
     <span class='ocr_line' id='line_1_32' title="bbox 359 3217 1132 3292; baseline -0.001 -15"><span class='ocrx_word' id='word_1_155' title='bbox 359 3217 471 3278; x_wconf 82' lang='lat' dir='ltr'>Caestn</span> <span class='ocrx_word' id='word_1_156' title='bbox 495 3218 656 3292; x_wconf 71' lang='lat' dir='ltr'>valentem,</span> <span class='ocrx_word' id='word_1_157' title='bbox 682 3221 712 3276; x_wconf 89' lang='lat' dir='ltr'>in</span> <span class='ocrx_word' id='word_1_158' title='bbox 737 3221 834 3277; x_wconf 87' lang='lat' dir='ltr'>Marte</span> <span class='ocrx_word' id='word_1_159' title='bbox 855 3220 998 3277; x_wconf 89' lang='lat' dir='ltr'>lauricem</span> <span class='ocrx_word' id='word_1_160' title='bbox 1019 3227 1132 3291; x_wconf 75' lang='lat' dir='ltr'>minen,</span> 
     </span>
    </p>

    <p class='ocr_par' dir='ltr' id='par_1_15' title="bbox 291 3300 1053 3550">
     <span class='ocr_line' id='line_1_33' title="bbox 291 3300 1053 3379; baseline 0.001 -18"><span class='ocrx_word' id='word_1_161' title='bbox 291 3300 342 3353; x_wconf 78' lang='grc'>945</span> <span class='ocrx_word' id='word_1_162' title='bbox 359 3305 398 3362; x_wconf 84' lang='lat' dir='ltr'>Et</span> <span class='ocrx_word' id='word_1_163' title='bbox 416 3312 479 3361; x_wconf 82' lang='lat' dir='ltr'>arte</span> <span class='ocrx_word' id='word_1_164' title='bbox 498 3303 657 3379; x_wconf 87' lang='lat' dir='ltr'>plurimum</span> <span class='ocrx_word' id='word_1_165' title='bbox 678 3305 833 3361; x_wconf 72' lang='lat' dir='ltr'>utilem-in</span> <span class='ocrx_word' id='word_1_166' title='bbox 853 3305 959 3363; x_wconf 87' lang='lat' dir='ltr'>castris</span> <span class='ocrx_word' id='word_1_167' title='bbox 983 3323 1053 3363; x_wconf 73' lang='lat' dir='ltr'>suat</span> 
     </span>
     <span class='ocr_line' id='line_1_34' title="bbox 359 3386 1012 3464; baseline 0.002 -19"><span class='ocrx_word' id='word_1_168' title='bbox 359 3387 418 3461; x_wconf 78' lang='lat' dir='ltr'>Qui</span> <span class='ocrx_word' id='word_1_169' title='bbox 439 3389 518 3445; x_wconf 88' lang='lat' dir='ltr'>circa</span> <span class='ocrx_word' id='word_1_170' title='bbox 541 3386 622 3447; x_wconf 84' lang='lat' dir='ltr'>Girin</span> <span class='ocrx_word' id='word_1_171' title='bbox 649 3396 678 3447; x_wconf 87' lang='lat' dir='ltr'>et</span> <span class='ocrx_word' id='word_1_172' title='bbox 701 3387 867 3464; x_wconf 84' lang='lat' dir='ltr'>Cylistarni</span> <span class='ocrx_word' id='word_1_173' title='bbox 889 3390 1012 3446; x_wconf 89' lang='lat' dir='ltr'>humida</span> 
     </span>
     <span class='ocr_line' id='line_1_35' title="bbox 358 3472 1005 3550; baseline 0.003 -20"><span class='ocrx_word' id='word_1_174' title='bbox 358 3472 493 3532; x_wconf 93' lang='lat' dir='ltr'>Habebit</span> <span class='ocrx_word' id='word_1_175' title='bbox 513 3473 627 3549; x_wconf 89' lang='lat' dir='ltr'>hospes</span> <span class='ocrx_word' id='word_1_176' title='bbox 649 3474 748 3550; x_wconf 87' lang='lat' dir='ltr'>patria</span> <span class='ocrx_word' id='word_1_177' title='bbox 769 3475 869 3549; x_wconf 91' lang='lat' dir='ltr'>procul</span> <span class='ocrx_word' id='word_1_178' title='bbox 888 3475 1005 3546; x_wconf 88' lang='lat' dir='ltr'>domos,</span> 
     </span>
    </p>

    <p class='ocr_par' dir='ltr' id='par_1_16' title="bbox 290 3556 1133 3819">
     <span class='ocr_line' id='line_1_36' title="bbox 358 3556 1133 3637; baseline -0.003 -19"><span class='ocrx_word' id='word_1_179' title='bbox 358 3557 419 3618; x_wconf 90' lang='lat' dir='ltr'>Ubi</span> <span class='ocrx_word' id='word_1_180' title='bbox 443 3556 594 3630; x_wconf 76' lang='lat' dir='ltr'>dolabras,</span> <span class='ocrx_word' id='word_1_181' title='bbox 615 3561 700 3635; x_wconf 90' lang='lat' dir='ltr'>queis</span> <span class='ocrx_word' id='word_1_182' title='bbox 723 3579 846 3637; x_wconf 80' lang='lat' dir='ltr'>gravem</span> <span class='ocrx_word' id='word_1_183' title='bbox 866 3559 978 3618; x_wconf 90' lang='lat' dir='ltr'>molem</span> <span class='ocrx_word' id='word_1_184' title='bbox 998 3559 1133 3632; x_wconf 74' lang='lat' dir='ltr'>secians,</span> 
     </span>
     <span class='ocr_line' id='line_1_37' title="bbox 358 3642 966 3718; baseline 0.007 -18"><span class='ocrx_word' id='word_1_185' title='bbox 358 3643 481 3701; x_wconf 87' lang='lat' dir='ltr'>Illustre</span> <span class='ocrx_word' id='word_1_186' title='bbox 503 3642 643 3703; x_wconf 90' lang='lat' dir='ltr'>damnum</span> <span class='ocrx_word' id='word_1_187' title='bbox 665 3645 826 3703; x_wconf 83' lang='lat' dir='ltr'>fabricabit</span> <span class='ocrx_word' id='word_1_188' title='bbox 845 3645 966 3718; x_wconf 85' lang='lat' dir='ltr'>incolis,</span> 
     </span>
     <span class='ocr_line' id='line_1_38' title="bbox 290 3727 1044 3819; baseline -0.004 -28"><span class='ocrx_word' id='word_1_189' title='bbox 290 3731 343 3791; x_wconf 81' lang='lat'>950</span> <span class='ocrx_word' id='word_1_190' title='bbox 360 3727 462 3788; x_wconf 85' lang='lat' dir='ltr'>Mulae</span> <span class='ocrx_word' id='word_1_191' title='bbox 483 3730 614 3789; x_wconf 87' lang='lat' dir='ltr'>sacrabit</span> <span class='ocrx_word' id='word_1_192' title='bbox 637 3732 669 3790; x_wconf 91' lang='lat' dir='ltr'>in</span> <span class='ocrx_word' id='word_1_193' title='bbox 689 3730 853 3791; x_wconf 83' lang='lat' dir='ltr'>Cluacinae</span> <span class='ocrx_word' id='word_1_194' title='bbox 874 3731 966 3789; x_wconf 88' lang='lat' dir='ltr'>tholo.</span> <span class='ocrx_word' id='word_1_195' title='bbox 1039 3805 1044 3819; x_wconf 90' lang='lat'><strong><em>.</em></strong></span> 
     </span>
    </p>
   </div>
   <div class='ocr_carea' id='block_1_3' title="bbox 0 0 1540 4492">
    <p class='ocr_par' dir='ltr' id='par_1_17' title="bbox 0 0 1540 4492">
     <span class='ocr_line' id='line_1_39' title="bbox 0 0 1540 4492; baseline 0 0"><span class='ocrx_word' id='word_1_196' title='bbox 0 0 1540 4492; x_wconf 95' lang='lat' dir='ltr'> </span> 
     </span>
    </p>
   </div>
  </div>
 </body>
</html>
