3059 4492
722 449 874 546 ji&

344 617 499 696 Sponsum
517 619 648 676 futurum
670 619 812 695 Angitiae
836 617 979 695 Gytaicae

277 707 325 761 175
343 702 485 763 Ardentis
503 702 666 780 hospitem.
687 721 775 778 quem
797 704 835 761 ab
858 705 989 764 Oenona
1010 704 1149 778 exulans,

342 789 472 846 Vertens
490 789 521 844 in
544 787 695 846 hominum
718 789 854 846 membra
872 789 1016 849 formicas
1039 790 1159 865 breves,

342 873 535 950 Pelasgicum
557 873 710 949 Typhona
730 874 875 950 produxit
895 883 993 952 pater,

344 957 465 1033 Septem
487 977 502 1015 e
525 957 634 1034 puellis
658 958 781 1017 torridis
800 959 899 1018 forma
918 961 977 1018 lice

344 1041 543 1120 Superstitem
562 1061 654 1100 uuum
675 1042 858 1101 vindicatum
879 1063 917 1102 ex
939 1047 1070 1123 ignibus.

278 1132 327 1186 180
345 1127 542 1204 Reciprocam
564 1127 617 1185 ille
638 1127 692 1186 sed
714 1128 884 1187 remanebit
900 1131 991 1204 viam,

344 1213 465 1289 Vespas
489 1213 551 1272 suis
575 1231 592 1269 e
612 1213 771 1288 pumicetis
794 1215 916 1273 exciens

345 1296 440 1370 Quasi
460 1318 536 1374 puer
556 1316 670 1373 vapore
695 1298 822 1356 suffiens
844 1300 982 1358 domum:

344 1383 384 1442 Et
407 1384 518 1440 caeteri
540 1383 629 1440 Burri
651 1381 890 1455 Duellinominis

343 1467 464 1526 Flabris
484 1469 641 1525 iuvencam
661 1467 791 1526 atabulis
815 1469 942 1526 caedent
961 1482 1069 1544 popae,

278 1557 328 1612 185
345 1554 473 1610 Matrem
496 1551 632 1610 draconis
656 1553 817 1610 incientem
837 1551 951 1628 Scyrii:

346 1637 446 1712 Quam
469 1656 561 1714 saepe
584 1637 692 1694 coniux
715 1635 938 1714 Salmydesium
959 1633 1060 1696 'salum

344 1722 429 1778 Intra
450 1722 605 1797 requirens
628 1722 855 1780 immolatricem
875 1723 1041 1799 hospitum,

346 1805 570 1884 Spumifragam
591 1807 722 1864 insulam
742 1808 894 1866 obsidebit
916 1807 1085 1871 Candidum

346 1890 424 1950 Celti
444 1891 594 1968 liquentes
618 1892 656 1949 ad
678 1892 806 1968 paludes
828 1894 967 1970 gurgitis,

279 1986 328 2041 100
345 1981 455 2038 Amore
478 1996 620 2053 sponsae,
645 1995 733 2036 cerva
755 1996 845 2052 quam
865 1979 1034 2054 volucripes

344 2063 483 2140 Iugulum
505 2064 674 2139 propinans
698 2063 810 2120 eximet
833 2064 1010 2139 secespitae.

346 2146 511 2223 Spaciosus
532 2148 612 2205 intra
630 2147 714 2206 littus
738 2147 941 2224 appellabitur

347 2231 438 2292 Solus
458 2233 558 2290 mariti
580 2251 685 2290 cursus
703 2233 735 2290 in
757 2233 909 2308 crepidine

346 2316 466 2377 Sortem
489 2317 636 2394 gementis
660 2326 749 2392 atque
772 2319 901 2376 classem
924 2317 1084 2390 coelibem,

280 2407 330 2462 195
347 2403 387 2460 Et
408 2421 470 2460 non
493 2402 623 2460 videndo
644 2404 779 2461 membra
797 2411 942 2461 mutatam
963 2402 1054 2460 modo

347 2486 475 2546 Cascam
499 2495 651 2544 cruentum
673 2507 727 2546 vas
747 2490 845 2564 probe
869 2496 900 2546 et
921 2488 1078 2559 libamina,
1118 2485 1260 2562 [propat]

347 2573 479 2647 Orcique
498 2573 678 2647 flam[m]am
701 2574 917 2630 exuberantem
938 2572 1074 2630 funditus

347 2656 503 2716 Cortinam
529 2657 668 2729 ahenam,
690 2677 779 2732 quam
803 2666 869 2715 atra
890 2658 984 2730 flabit,
1007 2663 1128 2716 mortua

346 2740 504 2800 cadavera
525 2741 645 2800 elixans
669 2744 828 2816 coquinatu
852 2743 1000 2820 improbe.

279 2829 331 2884 200
348 2827 388 2884 Et
410 2825 462 2883 ille
484 2827 579 2888 obibit
601 2826 718 2885 eiulans
739 2845 876 2903 campum
900 2827 1044 2906 Scythen,

345 2913 483 2970 Procans
506 2911 618 2970 amoris
642 2913 773 2986 quinque
794 2913 912 2972 circites
932 2921 1051 2971 torumt

345 2997 398 3055 Illi
419 3005 489 3054 ante
509 3013 629 3054 acerras
653 2998 775 3074 auguris
799 2996 934 3057 Saturnii

347 3082 552 3160 Deglutientis
574 3100 641 3139 cum
665 3093 792 3158 parente
810 3083 894 3142 filios

349 3166 489 3228 Secunda
505 3167 632 3226 iurantis
649 3167 762 3238 fidusta
784 3169 933 3245 sagmina,

280 3257 330 3310 205
350 3253 518 3311 Tonsarum
541 3252 682 3310 amicient
702 3253 833 3329 remiges
856 3251 970 3327 stropis
991 3266 1111 3322 manus,

348 3334 559 3412 Bacchumque
584 3339 731 3414 sospitem
753 3345 784 3394 et
803 3338 914 3413 prioris
936 3334 1085 3393 vindicem

348 3422 462 3482 Luctus
483 3429 638 3495 canentes,
659 3421 706 3479 cui
726 3423 757 3480 in
779 3423 915 3480 obscuris
936 3420 1019 3477 cavis

348 3506 536 3583 Delphorum
561 3514 667 3584 operta
688 3507 727 3564 ad
747 3515 835 3564 antra
856 3505 980 3565 Lucrini
1001 3504 1050 3561 dei

298 3586 301 3594 ’
348 3592 499 3652 Abstrusa
518 3593 581 3650 liba
603 3592 788 3650 Tauriformi
810 3592 918 3650 offeret

280 3680 333 3737 010
351 3675 468 3737 Classis
494 3677 668 3735 tremendae
687 3677 894 3753 millepraetor
913 3675 1045 3736 nomam.
