3059 4492
731 441 880 534 „er-⁴..
1361 454 1362 549 l

352 605 399 666 88
614 601 667 687 Μὴ
690 604 822 689 τρέσσῃς
842 605 888 667 ὅτι
907 603 1003 674 τόξον.

352 691 442 766 Quod
462 699 567 752 tensos
587 711 687 765 arcus,
709 693 882 772 infestaque
903 693 975 765 tela,
997 693 1125 772 sagittas

394 779 474 838 Ante
495 797 577 837 meos
598 779 690 854 posui
710 786 778 838 eote
801 781 927 838 subacta
947 777 1064 855 pedes‚'

354 861 444 938 Quod
465 863 582 921 clavam
594 871 703 940 gestet
723 883 843 937 manus,
865 864 988 939 hospes,
1010 882 1101 941 parce
1122 864 1250 939 timere,

395 946 538 1023 Quodque
556 949 696 1008 humeros
719 948 808 1025 pellis
828 949 908 1006 hirta
925 949 1023 1007 leonis
1042 949 1112 1007 obit.

352 1033 424 1108 Ipse
444 1032 539 1091 malos
561 1040 687 1106 tautum,
708 1053 771 1092 non
792 1053 898 1093 omnes
920 1034 1041 1091 laedere
1063 1033 1144 1107 novi,

394 1118 433 1176 Et
455 1137 579 1194 possum
600 1119 753 1178 aerumnis
776 1119 925 1196 eripuisse
946 1119 1053 1177 bonos.

354 1284 400 1344 δ9
601 1282 696 1346 Erebe
716 1284 823 1359 πέλας,
844 1285 1007 1367 dispuens.

353 1369 436 1431 Siste
458 1372 594 1448 gradum,
614 1372 689 1431 siste
710 1373 835 1448 hospes,
863 1372 1087 1449 inexpletisque
1110 1372 1224 1432 tuendo

395 1456 609 1534 Magniloquae
629 1456 745 1516 Niobes
766 1457 949 1515 illacrimare
967 1458 1068 1518 malis.

354 1539 446 1600 Cuius
468 1542 552 1599 humi
573 1542 642 1600 telis
665 1549 802 1601 natorum
823 1561 950 1620 corpora
969 1544 1022 1601 bix
1043 1563 1100 1602 sex

396 1625 478 1684 Hine
498 1625 654 1699 Phoebus,
678 1626 793 1686 Phoebi
813 1628 921 1686 stravit
941 1634 971 1685 at
991 1629 1062 1686 iude
1083 1646 1178 1687 soror.

262 1740 265 1746 ·
352 1711 523 1788 Ambiguae
541 1712 617 1769 haec
635 1713 715 1769 inter
736 1713 853 1772 silicem
876 1732 1056 1788 carnemque
1077 1713 1193 1790 figurae

395 1795 444 1854 Fit
462 1795 554 1872 lapis,
579 1804 609 1854 et
630 1795 756 1874 Sipylus
781 1807 867 1856 caute
885 1806 1014 1857 sonante
1033 1799 1136 1876 gemit.

352 1879 408 1939 Vis
433 1881 532 1940 morbi
555 1883 586 1941 in
606 1882 712 1960 lingue
731 1891 779 1942 est
797 1884 972 1943 mortalibus
994 1884 1096 1942 insita.
1120 1899 1216 1958 saepe

351 1967 353 1970 ’
394 1965 508 2024 Natum
530 1987 568 2025 ex
590 1968 702 2026 infreni
724 1969 900 2046 garrulitate
919 1968 1031 2026 malum
1055 1976 1111 2026 eat.

248 2175 256 2196 ι
353 2134 421 2194 δ12
574 2207 575 2212 ¹
604 2131 730 2216 Κύπρις,
751 2133 802 2196 ὅτε
825 2134 1011 2196 σταλάουσα.

353 2219 429 2280 Cum
448 2220 552 2280 Venus
574 2223 718 2298 aequorei
739 2222 951 2298 spumis'salis
970 2222 1030 2282 uda
1052 2221 1179 2298 capillos

394 2306 484 2364 Edita
503 2308 663 2383 purpureis
685 2309 767 2370 nuda
788 2316 905 2366 nataret
925 2309 1027 2382 aquis:

352 2389 499 2450 Uvidulos
520 2411 612 2452 roseo
636 2393 734 2452 crines
756 2393 880 2470 collegit
902 2394 940 2450 ab
963 2413 1027 2466 ore,

393 2477 433 2534 Et
452 2475 552 2535 salsas
574 2485 675 2554 guttas
699 2479 822 2538 strinxit
842 2485 968 2552 utraque
987 2497 1089 2547 manu,

351 2559 506 2619 Hactenus
528 2563 656 2621 extando
676 2583 735 2638 qua
753 2563 811 2622 fas.
836 2561 870 2622 si
891 2563 962 2622 talis
985 2564 1018 2621 in
1036 2561 1118 2620 unda

393 2645 469 2704 Visa
488 2646 555 2718 fuit,
574 2648 681 2707 Martie
700 2655 827 2724 pectora
849 2650 949 2706 turbet
969 2667 1060 2706 amor.

352 2811 421 2872 620
633 2808 743 2895 Ῥώμη
764 2813 984 2897 παμβασιλεια.

351 2898 397 2958 Te
419 2920 570 2977 nunquam
592 2901 714 2960 amissis
738 2901 835 2978 fugiet
823 2902 990 2960 tVictoria
1010 2900 1130 2976 pennis,

391 2984 459 3045 Nec
482 2994 534 3045 tue
554 2986 621 3044 laus
644 2994 696 3062 pot
697 2985 764 3058 erit,
788 2987 921 3045 maxima
942 2988 1049 3059 Roma,
1071 2985 1157 3045 mori.

352 3153 426 3232 Ul)
771 3152 865 3235 μέλος
886 3153 932 3234 νὴ.

350 3241 448 3299 Dulce
472 3248 590 3314 sonant,
611 3259 680 3299 mea
664 3150 883 3318 qubnophile‚
908 3248 960 3298 tua
981 3240 1130 3298 earmina·
1154 3239 1244 3298 docto

392 3325 518 3399 Pollice,
543 3327 587 3384 sic
605 3327 707 3386 faveat
725 3325 793 3385 Pan
816 3327 899 3397 mihi,
929 3324 1016 3383 dulce
1039 3331 1158 3382 sonant
1227 3342 1232 3350 ·

351 3408 416 3482 Quo
436 3411 549 3489 fugiam
568 3412 620 3470 tei
640 3431 689 3469 me
711 3412 833 3491 cingunt
854 3411 998 3488 indagine
1018 3428 1147 3482 amores,
1361 3388 1362 3451 l

395 3493 462 3553 Nec
483 3497 656 3572 respirandi
674 3505 793 3573 tempus
817 3503 846 3554 et
868 3497 945 3554 hora
965 3496 1061 3552 datur.

350 3577 438 3636 Unde
450 3581 524 3637 mihi
537 3581 651 3640 formae
663 3583 740 3639 haec
754 3601 828 3639 aura
840 3580 972 3658 appulit·
987 3586 1039 3637 aut
1053 3599 1090 3636 ea
1100 3579 1192 3636 Musa
1206 3581 1260 3647 est,
1361 3578 1363 3667 l

394 3666 455 3720 Aut
476 3662 584 3723 Charis
604 3674 664 3724 est:
692 3667 778 3738 eheu,
801 3665 872 3740 quid
894 3665 1020 3740 loquor?
1041 3682 1121 3735 uror,
1145 3680 1220 3720 amo.
