3059 4492
651 540 803 636 Q

269 707 397 765 Miratur
420 707 484 764 veri
505 707 691 783 stupefactus
716 711 849 789 imagine
871 710 982 770 lector:

269 790 338 850 Non
362 800 425 849 tam
446 792 524 866 quod
545 792 694 868 quaedam
718 805 765 854 est
779 795 889 872 priscis
902 813 959 854 sua
970 797 1070 875 gretia
1081 801 1186 874 rebus,

164 939 165 944 η
271 877 369 952 Quam
390 877 473 952 quod
494 877 566 935 flore
593 879 636 936 tui
657 889 785 939 vernant
803 881 939 938 animata
958 881 1075 959 leporis

267 961 398 1020 Lumine
418 981 571 1039 purpureo
595 963 705 1039 Tyrias
727 965 878 1024 imitantia
894 965 989 1026 luces.

269 1049 429 1107 Annorum
452 1046 605 1122 saeclique
624 1067 736 1124 parens
760 1050 909 1128 longaeva
928 1050 1086 1127 vetustas,

270 1130 326 1190 Cui
347 1131 425 1188 caeli
447 1132 540 1190 servit
561 1133 669 1207 series,
692 1135 741 1195 coi
759 1143 900 1212 tempora
922 1144 1011 1196 vasto

270 1215 454 1292 Suppeditat
474 1225 582 1275 natura
604 1218 687 1278 sinu:
711 1238 789 1294 quae
811 1239 905 1297 saepe
926 1239 1093 1284 renascens

268 1302 303 1359 Iu
325 1309 378 1360 tua
401 1309 431 1360 te
448 1320 573 1362 revoces
597 1303 739 1382 vestigia,
752 1314 846 1380 teque
869 1304 1007 1382 tibiipsi

164 1395 166 1412 '
268 1386 431 1459 Restituis,
452 1387 567 1446 volucri
589 1388 728 1466 relegens
751 1390 877 1450 exordia
896 1408 1000 1450 cursu:

164 1511 166 1528 .
269 1471 383 1531 Omnia
404 1471 553 1530 veridicae
576 1472 691 1533 dictant
717 1474 774 1533 tibi
792 1475 874 1544 facta
894 1473 1032 1536 Sorores.

269 1557 370 1616 Omne
394 1575 490 1634 genus
511 1575 612 1614 rerum
629 1557 684 1619 tibi
708 1560 861 1632 scribitur,
882 1579 972 1619 omne
993 1562 1143 1636 laborum,

164 1657 166 1684 ³
267 1642 403 1700 Virtutes
427 1641 594 1714 hominum,
617 1644 760 1720 vitiisque
780 1645 939 1703 haerentia
959 1655 1058 1723 gesta,

267 1727 307 1785 Et
324 1745 375 1784 res
400 1726 548 1792 humanas
571 1727 685 1788 incisas
706 1747 778 1788 aere
799 1730 927 1805 perenni

267 1811 302 1869 Iu
325 1819 379 1868 tua
399 1813 549 1888 congestis
575 1812 685 1888 opibus
708 1815 844 1873 sacraria
865 1815 986 1874 condis:

269 1895 354 1968 Quae
375 1897 487 1972 partim
507 1897 638 1956 aeternis
662 1899 821 1975 signarunt
839 1899 936 1958 indita
954 1900 1055 1974 fastis,

269 1979 398 2058 Singula
417 2000 474 2058 per
496 1982 598 2042 varios
622 1984 773 2061 complexi
793 1984 918 2042 saecula
939 2003 1041 2055 casua

267 2065 390 2124 Divinis
409 2066 549 2128 homines
572 2069 694 2128 accensi
712 2077 839 2146 pectora
861 2069 958 2128 eurise

266 2150 384 2208 Partim
408 2169 510 2209 mersa
528 2152 623 2229 nigris
645 2153 757 2212 oblivio
777 2153 912 2212 condidit
930 2155 1056 2213 umbris.

267 2237 307 2295 Et
327 2245 407 2294 nuno
428 2246 536 2294 cuncta
558 2237 616 2296 tuis
637 2239 736 2314 adytis
757 2241 899 2298 abstrusa
918 2238 1049 2298 laterent

267 2319 348 2380 Irato
369 2320 464 2394 eaelo,
485 2321 517 2380 ni
538 2321 583 2380 vis
606 2323 738 2384 humana
762 2324 889 2384 subinde

267 2407 362 2464 Eruta
383 2405 420 2464 de
440 2406 566 2468 latebris
590 2408 667 2466 caeli
692 2409 842 2484 proferret
862 2409 895 2470 in
915 2427 998 2481 oras,

165 2487 166 2496 ’
268 2492 355 2567 Quae
377 2491 473 2550 doctis
495 2499 630 2552 veterum
650 2493 762 2555 chartis
783 2494 933 2552 industria
954 2493 1053 2554 solers

266 2576 419 2652 Exposuit
436 2575 566 2636 noudum
587 2579 899 2655 propriospatefacta
919 2599 975 2656 per
996 2597 1071 2638 usus

165 2731 167 2740 s
266 2662 397 2720 Aroania
422 2679 536 2721 acuens
557 2663 699 2722 mortalia
718 2671 842 2740 pectora
863 2666 958 2724 euris:

267 2745 440 2805 Herbarum
463 2747 543 2806 vires
566 2748 686 2822 tacitas,
707 2757 850 2826 artesque
872 2748 1024 2820 medendi,

267 2829 405 2889 Naturae
427 2840 533 2908 partus
556 2833 669 2906 varios,
690 2834 903 2911 bominumque
924 2834 1080 2894 ministras

268 2917 503 2993 Quadrupedes,
524 2924 555 2974 et
575 2926 653 2978 tecta
676 2918 740 2978 suis
760 2920 906 2978 animalia
925 2919 1041 2991 lustris,

266 3001 457 3079 Pennigeras
479 3003 628 3076 volucres,
651 3005 794 3062 examina
817 3013 902 3063 muta
923 3011 1091 3075 natantum,

267 3088 406 3145 Membra
426 3087 616 3146 colubrorum
638 3090 740 3148 ¹craecis
763 3091 901 3149 habitata
917 3089 1054 3149 venenis.

267 3172 354 3231 Adde
378 3173 425 3230 his
451 3172 588 3234 stelliferi
613 3183 728 3234 motum
751 3175 926 3232 comitantia
945 3173 1060 3249 muudi,

266 3256 307 3315 Et
327 3257 440 3316 mundo
464 3258 593 3318 adverso
615 3259 743 3318 nitentia
764 3261 879 3326 sidera:
891 3304 895 3311 »
908 3259 1032 3317 fratrem

267 3340 446 3420 Fulgentem
469 3345 605 3422 propria,
624 3345 758 3404 fraterna
777 3346 844 3404 luce
867 3361 1012 3414 sororem,

267 3425 452 3496 Nimborum
476 3445 577 3501 casus,
601 3430 736 3505 elisaque
758 3430 876 3490 lumina
897 3427 980 3488 fissis

267 3510 422 3585 Nubibus,
443 3520 474 3570 ot
493 3515 629 3592 trepidas
648 3516 795 3574 terrentia
813 3514 942 3572 fulmina
963 3517 1090 3572 mentes.
1140 3558 1143 3569 .

268 3595 356 3672 Quae
379 3599 446 3672 quis
471 3618 535 3660 non
557 3599 639 3662 omui
662 3601 788 3660 rimatur
808 3599 955 3674 temporis
978 3597 1077 3656 bora?

268 3680 336 3740 Nec
355 3683 416 3740 iam
440 3684 604 3744 confertam
622 3686 817 3767 nascentibus
840 3683 971 3758 undique
991 3681 1079 3746 libris

269 3764 459 3844 Scriptorum
477 3771 596 3831 turbam
616 3778 810 3848 grassantum
835 3769 931 3828 limite
949 3767 1021 3828 trito
