3059 4492
1353 448 1434 507 77

469 617 611 677 Nos
645 617 885 694 patriae
924 615 1155 674 utilitas
1199 634 1398 675 annos
1440 634 1762 673 numerare
1806 617 2085 675 vetabat„

473 704 615 780 Quo
652 701 999 778 properas?
1042 719 1169 773 cur,
1214 719 1370 775 quae
1409 700 1610 759 valide
1655 699 1912 759 defensa
1955 701 2176 761 dedisti

474 787 746 864 Oppida,
792 805 941 860 quas
984 786 1164 844 toties
1212 785 1492 858 servasti,
1535 785 1768 844 deseris
1813 787 2028 844 arces?

472 872 725 949 Aspice,
768 870 1033 928 luctifico
1076 871 1405 950 miscentur
1448 879 1513 927 ut
1557 871 1764 928 omnia
1797 871 2064 945 planctu,

475 957 695 1019 Omnis
739 963 807 1013 ut
850 975 961 1014 ora
1000 973 1174 1014 suum
1218 956 1523 1015 desideret
1561 956 1712 1013 orba
1753 963 2088 1031 parentem.

472 1043 616 1102 Heu
655 1060 765 1098 cur
806 1047 865 1098 te
907 1040 1072 1098 vitiis
1116 1041 1250 1098 aevi
1289 1041 1635 1117 praesentis
1677 1041 1946 1114 iniquum

475 1128 665 1188 Ocior
708 1144 859 1182 aura
888 1124 1079 1182 tulit?
1120 1124 1264 1184 Non
1308 1133 1368 1182 te
1414 1125 1700 1201 preciosa
1739 1134 2052 1183 morantur

472 1213 768 1289 Pignora,
815 1217 1197 1286 praestantes
1241 1210 1401 1268 lecta
1439 1229 1574 1267 cum
1612 1210 1868 1287 coniuge
1914 1212 2079 1269 nati?

471 1297 621 1355 Non
661 1295 957 1371 inculpati
1001 1296 1310 1353 convictus
1359 1303 1609 1354 strenua
1647 1297 1938 1368 membra,

476 1381 834 1441 Castrorum
873 1380 1148 1452 comites,
1195 1399 1309 1458 per
1351 1387 1445 1438 tot
1492 1379 1842 1437 discrimina
1883 1399 2088 1454 saeva,

472 1467 799 1524 Indeserta
836 1472 974 1522 tuae
1012 1465 1292 1522 fortunae
1337 1466 1513 1542 signa
1556 1465 1788 1522 secuti?

474 1554 589 1611 Ast
630 1570 772 1628 ego,
816 1568 995 1623 quem
1037 1568 1320 1626 suprema
1356 1550 1497 1607 terit
1526 1548 1648 1618 iam
1693 1549 1858 1606 calce
1893 1557 2196 1623 senectus,

478 1636 639 1712 Quid
682 1634 923 1694 steriles
963 1653 1183 1707 annos,
1227 1634 1369 1709 quid
1410 1633 1623 1692 inutile
1668 1633 1952 1692 demoror
1995 1654 2233 1709 aevum,

477 1721 541 1782 Si
590 1739 788 1798 genus
830 1719 1070 1778 Heroas
1116 1718 1287 1777 nullo
1330 1718 1676 1796 superabile
1717 1719 1882 1777 bello

474 1808 751 1877 Morbus,
802 1812 861 1862 et
897 1804 1181 1880 ancipitis
1220 1805 1382 1880 rapit
1422 1805 1811 1862 inclementia
1847 1804 2000 1861 fati?

476 1892 530 1952 O
571 1890 795 1968 patria,
847 1909 885 1947 o
930 1890 1137 1965 magni
1176 1889 1548 1947 dominatrix
1590 1887 1794 1947 Gallia
1830 1889 2024 1966 regni,

476 1975 545 2036 Si
587 1976 724 2051 quis
770 1994 944 2032 amor
984 1975 1113 2031 veri
1152 1981 1266 2046 est,
1308 1975 1362 2033 si
1400 1982 1461 2032 te
1510 1982 1616 2031 tua
1652 1973 1904 2031 vulnera
1948 1980 2222 2050 tangunt,

473 2061 647 2119 Pelle
691 2060 873 2118 situm
918 2059 1105 2118 senii:
1151 2059 1369 2116 nubem
1418 2059 1681 2117 eluctare
1720 2057 1955 2115 veterni

472 2145 747 2220 Antiqui,
788 2163 1173 2222 mersumque
1223 2144 1390 2221 gravi
1429 2150 1608 2220 caput
1652 2161 1836 2200 exere
1878 2161 2116 2202 somn0.

477 2235 559 2291 At
595 2231 863 2289 nondum
909 2229 1135 2299 clades,
1176 2229 1443 2287 nondum
1484 2236 1590 2286 tua
1631 2229 1848 2285 funera
1895 2227 2134 2286 sentis?

472 2316 781 2376 Paulatim
827 2316 1157 2389 floremque
1202 2314 1452 2387 ducum,
1486 2312 1750 2387 bellique
1795 2313 2106 2371 ministros

475 2401 790 2477 Carperis.
835 2401 951 2459 hos
986 2400 1233 2457 morbus
1260 2400 1441 2475 rapit,
1480 2399 1595 2456 hos
1622 2400 1787 2455 Mars
1827 2397 2051 2474 impius
2078 2397 2300 2455 hausit.

474 2487 689 2546 Funde
731 2494 837 2556 tuo
882 2485 1161 2542 lacrimas
1206 2494 1552 2561 supremum
1599 2501 1816 2540 munus
1864 2483 2130 2540 alumno.

475 2571 613 2633 Stet
652 2570 941 2629 tumulus.
983 2569 1277 2627 tumulum
1316 2569 1516 2646 signet
1559 2567 1951 2645 superaddita
1999 2585 2237 2627 caussa.

472 2656 656 2715 Hunc
700 2655 1027 2734 tumulum,
1060 2662 1120 2712 et
1160 2654 1375 2712 tumuli
1412 2653 1652 2711 titulum
1697 2672 1811 2710 sua
1835 2651 2042 2733 Gallia
2080 2660 2258 2730 rapto

475 2741 872 2814 Castanidae,
913 2758 1031 2815 quo
1081 2739 1247 2796 mille
1292 2739 1475 2796 duces
1522 2738 1729 2796 amisit
1769 2738 1833 2795 in
1876 2758 2022 2798 uno.

784 2833 926 2884 Obiit
958 2838 1105 2884 anuo'·
1133 2831 1279 2896 1595,
1318 2834 1401 2882 111
1426 2835 1558 2885 Kal.
1594 2833 1848 2884 VIIIbris.

627 2990 757 3047 Deo
798 2999 914 3064 opt.
963 3009 1115 3048 mam.
1158 3009 1385 3049 sacrum
1433 2999 1487 3046 et
1524 2993 1827 3048 memoriae
1865 2999 2148 3047 aeternae.

558 3072 877 3132 Ludovico
940 3073 1243 3134 Castaneo
1297 3075 1704 3132 Prulliacensi
1759 3082 1818 3132 et
1876 3071 2302 3131 Malavallensi

472 3160 719 3232 baroni,
748 3157 949 3218 Castri
968 3159 1196 3218 Posaei
1213 3160 1423 3218 Tufoh
1449 3167 1509 3216 et
1529 3161 1774 3218 Abenn1
1797 3154 2301 3228 domin0,utrius-

471 3264 594 3320 que
634 3244 869 3303 ordinis
907 3245 1089 3319 equiti
1136 3253 1427 3319 torquatO,
1465 3245 1634 3320 regio
1672 3244 1833 3302 intra
1873 3258 2108 3302 sacrum
2151 3237 2301 3297 Gal-

469 3331 693 3389 liarum
766 3329 1197 3388 consistorium
1260 3328 1637 3402 consiliario,
1689 3337 1938 3386 *turmae
1999 3328 2297 3401 quinqua*

449 3416 645 3493 ‘ginta
704 3415 970 3488 equitum
1018 3414 1541 3492 cataphractorum
1590 3415 1924 3489 praefecto,
1985 3412 2301 3484 utriusque:

465 3501 687 3558 limitis
751 3498 1144 3559 Lemovicani
1171 3532 1172 3539 κ
1198 3500 1328 3559 vice
1380 3499 1551 3575 regia
1588 3499 1823 3569 rectori,
1874 3516 1911 3553 a
1952 3496 2145 3572 prium
2201 3516 2301 3552 ne-

467 3585 617 3644 tatis
664 3584 949 3644 tirocinio
992 3586 1057 3642 in
1102 3585 1351 3643 actibus
1376 3583 1636 3661 publicis
1674 3601 1745 3640 ac
1779 3580 2016 3641 bellicis
2057 3592 2303 3640 strenue

471 3689 546 3729 ac
583 3668 848 3728 fideliter
892 3678 1162 3744 versato,
1194 3670 1402 3730 multis
1436 3667 1846 3747 legationibus
1881 3687 1994 3744 pro
2021 3668 2301 3724 christia-
