3059 4492
636 471 798 566 Q!

257 637 312 697 Cui
335 638 465 716 gratiam
489 639 568 698 sacri
590 659 698 700 novam
720 642 928 714 redanimans

175 795 176 802 ἵ
255 722 504 802 Nefrondincsus
527 725 705 798 Esquilinus
728 727 855 801 Lucius,

255 809 350 867 Leoni
374 809 513 884 adempto
533 811 674 886 prandio,
692 811 852 886 implicans
871 813 966 885 rubis,

256 893 398 972 Segetem
421 895 536 952 vetabit
556 895 674 956 eruisse
693 897 829 957 funditus

253 980 351 1038 Vasto
376 979 485 1037 molari
509 979 685 1056 matriisque
706 981 893 1058 querqueris.

254 1063 355 1124 Cerno
380 1082 540 1139 sequacem
561 1064 623 1124 iam
645 1084 791 1143 napuram
812 1067 946 1125 luctuum

253 1149 333 1208 Mari
353 1147 523 1206 trahentem
548 1157 578 1206 et
600 1159 811 1209 conserentem
833 1152 951 1229 patriae

253 1234 355 1294 Minas
379 1234 499 1292 feroces
522 1241 552 1291 et
573 1234 723 1294 malorum
743 1237 894 1295 incendia.

253 1323 355 1394 Atque
378 1318 493 1376 utinam
515 1319 547 1376 in
566 1319 637 1380 Issa
658 1329 688 1378 te
709 1319 857 1380 Camillus
875 1321 977 1380 insula

254 1404 329 1463 Non
352 1412 546 1479 procreasset
566 1405 697 1464 hostiurn
718 1414 857 1465 nostrum
880 1408 998 1479 ducem,

255 1491 405 1565 Quartum
429 1497 529 1546 satum
550 1508 590 1548 ex
611 1490 736 1550 Atlante
759 1492 880 1551 destina
902 1493 981 1564 ccvi,

254 1575 333 1633 Tuis
356 1581 515 1651 parantem
539 1575 651 1632 damna
672 1577 809 1652 cognatis
829 1577 947 1654 Prylin,

256 1658 360 1738 Sagax
385 1677 519 1735 aruspex
542 1677 613 1718 vere
633 1661 673 1718 ad
694 1661 798 1720 omnia
821 1663 952 1739 optima:

255 1745 407 1819 Paterque
423 1743 518 1803 iussis
538 1745 653 1804 Aesaci
674 1746 801 1804 fanatici

254 1829 329 1889 Non
354 1829 558 1905 improbasset
579 1831 668 1907 signa
689 1832 789 1890 noctis
813 1832 926 1904 arcula,

256 1914 399 1974 Oelasset
419 1933 480 1972 uuo
502 1915 556 1973 sed
575 1916 651 1998 duos
671 1936 728 1992 pro
749 1917 848 1992 patria

255 2000 344 2072 Fato,
367 2017 513 2075 perurens
535 2002 671 2059 membra
689 2002 818 2059 Lemnio
839 2020 925 2078 rogo.

255 2084 330 2144 Non
354 2093 400 2143 tot
421 2085 570 2143 malorum
593 2093 673 2144 nuuc'
694 2085 830 2163 procella
853 2093 998 2162 surgeret

254 2170 438 2229 Portumnus
465 2189 502 2227 en
525 2178 628 2228 cernet
649 2171 828 2229 nefrendum
850 2170 985 2229 carnifex

254 2256 387 2315 Fervere
409 2256 521 2332 mergis
546 2255 752 2332 spartisirpeis
777 2275 868 2314 anum

257 2340 368 2400 Glauci
388 2341 513 2398 Terenti
536 2341 691 2418 coniugem
712 2341 873 2399 Titaniam.

254 2427 322 2484 Iam
342 2425 401 2485 duo
424 2434 571 2483 necantur
594 2445 661 2483 cum
683 2433 809 2503 parente
831 2427 968 2503 pignera,

256 2511 408 2569 Humerus
432 2510 537 2568 molari
559 2511 683 2568 coclaca
706 2511 803 2568 fracto
827 2510 936 2568 Ducis:

256 2596 342 2670 Quae
365 2596 519 2654 sabulonis
542 2603 687 2672 apparata
708 2595 849 2672 fugerant

255 2681 353 2740 Vanis
375 2679 504 2756 loquelis
527 2680 606 2738 alvei
630 2680 816 2754 discrimina,

256 2765 315 2825 Cui
337 2774 445 2823 cuncta
467 2765 593 2824 credens
618 2765 671 2822 ille
694 2773 789 2825 tortor
810 2766 950 2837 liberum,

255 2853 431 2928 Mergorum
455 2850 606 2922 alumnus,
635 2851 824 2927 pisculentae
845 2848 997 2931 compedis

255 2935 387 3008 Praeda,
411 2936 521 2994 ostreis
538 2935 695 3012 valgisque
715 2936 832 2995 Naritis
854 2953 969 3007 comes,

254 3023 350 3080 Fetus
374 3021 521 3098 gemellos
543 3020 632 3079 clusit
653 3041 713 3080 uno
736 3022 882 3098 ploxeno.

257 3106 394 3180 Cumque
413 3107 461 3164 bis
487 3106 582 3164 miser
601 3125 663 3164 non
684 3107 789 3164 matris
813 3105 973 3163 advertens
993 3100 1067 3159 deae

254 3192 427 3267 Praecepta
447 3193 603 3264 Mnamon,
630 3191 685 3249 sed
708 3199 833 3250 veterno
857 3188 999 3258 oblivius‚

257 3276 383 3354 Suppus
406 3277 570 3348 recumbet,
593 3285 699 3351 pectus
725 3295 799 3334 ense
822 3274 953 3334 saucius.

256 3361 349 3421 Nunc
370 3381 450 3419 nunc
469 3361 562 3438 gemit
580 3360 710 3436 Myrina,
735 3379 815 3418 nunc
835 3356 1046 3436 praesentiunt

256 3447 419 3505 Hinnitum
443 3465 586 3522 equorum
608 3445 755 3504 littorales
776 3445 940 3521 margines,

256 3532 319 3592 Ubi
341 3531 507 3608 Pelasgum
527 3531 661 3588 lubricae
682 3531 791 3589 saltum
813 3530 909 3604 pedae

256 3618 390 3676 Librans
411 3617 563 3692 crepidine
586 3615 692 3674 ultima
713 3615 847 3673 fremens
867 3615 957 3690 lupus

257 3703 366 3763 Fontis
389 3702 504 3760 creabit
527 3721 544 3759 e
567 3701 693 3760 saburra
712 3700 872 3777 gurgitem,

926 3808 967 3871 22
