3059 4492
784 469 846 530 366

368 637 537 698 Commune
559 637 660 714 magni
682 645 775 695 matre
798 656 866 695 cum
886 637 1102 712 sarpedonis,

292 725 358 780 1285
368 721 452 796 Quas
475 730 585 797 pontus
608 721 727 794 Helles,
751 740 826 797 quas
847 731 949 798 petrae
974 721 1206 800 Symplegades,

368 807 453 882 Quas
477 805 694 883 Salmydissus,
723 826 799 881 quas
822 808 995 884 inhospitus
1014 809 1110 883 liquor

368 891 489 969 Scythis
512 893 701 968 propinquus
724 893 841 968 rupium
866 901 947 950 arcet
969 894 1067 965 obice,

368 977 543 1051 Tanaisque
564 977 648 1039 nullo
670 977 821 1054 gurgitum
842 978 980 1054 contagio

368 1063 500 1120 Mediam
520 1062 660 1138 paludem
681 1061 851 1132 dissecans,
875 1073 989 1139 gratam
1008 1063 1119 1122 incolis

294 1153 360 1208 1290
369 1148 480 1225 Algum
504 1155 534 1204 et
551 1148 694 1222 pedarum
719 1147 882 1221 perniones
905 1147 1057 1219 flentibus,

368 1234 409 1293 Ut
430 1232 527 1307 primo
549 1240 675 1308 pereant
696 1229 799 1290 Carnii
821 1240 932 1290 nautae
953 1251 1055 1304 canes,

368 1316 428 1391 Qui
452 1317 553 1376 fronte
575 1319 651 1375 roba
671 1317 879 1376 tauriformem
902 1317 1047 1394 virginem

368 1402 507 1478 Repuere
529 1403 645 1460 Lernes
665 1401 823 1460 institores
842 1403 981 1476 improbi,

371 1487 521 1562 Sponsam
543 1487 646 1544 ruinas
669 1487 748 1543 ferre
771 1487 929 1562 Memphiti
951 1488 1029 1562 duci,

193 1632 196 1638 .
295 1572 443 1634 maeotii
465 1580 620 1630 moventes
644 1571 730 1648 signa
752 1572 870 1647 utrique
893 1572 993 1630 littori.

369 1656 510 1730 Namque
534 1663 564 1714 et
583 1656 709 1732 rapinae
731 1656 943 1715 contumeliam
965 1677 1087 1735 gravem

369 1741 520 1808 Florentia
545 1741 618 1798 Idae
642 1742 873 1816 expostulantes
895 1742 1014 1800 incolae

371 1825 508 1898 curetes,
534 1825 670 1884 extulere
692 1827 839 1902 captivam
861 1828 966 1884 bovem

370 1911 503 1970 Paronis
524 1910 607 1968 intra
626 1911 815 1970 taurifrontis
836 1911 955 1970 alveum

297 1997 421 2061 1300Ad
443 2003 549 2056 sancta
569 1997 683 2073 templa
704 1997 861 2074 coniugem
881 1995 1051 2073 Saraptiam

371 2082 499 2140 Dictaea
522 2080 627 2140 Cretes
650 2080 789 2142 Stellioni
809 2082 949 2159 principi.

373 2167 441 2226 Nec
463 2167 522 2226 visi
543 2168 654 2225 habere
677 2174 735 2238 sat,
753 2167 887 2225 ferentes
907 2187 963 2242 par
982 2167 1058 2242 pari,

371 2252 507 2310 Ductore
531 2252 649 2310 Teucro
673 2253 727 2312 sed
746 2271 887 2328 rapacem
907 2253 1071 2310 exercitum

340 2396 343 2403 ,
372 2338 481 2397 Teucri
501 2334 686 2396 Scamandro
712 2356 779 2394 oum
801 2346 926 2412 parente
946 2337 1079 2395 Draucio

297 2423 483 2483 1305Misere
505 2423 544 2482 ed
567 2423 648 2480 alma
669 2423 840 2498 Bebrycum
860 2422 994 2494 novalia,

370 2507 490 2566 Bellum
513 2508 645 2566 ferentes
670 2508 822 2566 muribus:
847 2527 971 2583 quorum
993 2516 1061 2566 satu

372 2592 501 2652 Generis
523 2594 643 2665 creasti,
664 2593 818 2665 Dardano,
842 2601 961 2651 autores
981 2593 1052 2664 mei,

372 2677 496 2735 Ducena
521 2678 655 2753 puellam
679 2677 833 2748 Cressam,
857 2678 998 2736 Arisbam
1021 2676 1168 2735 nobilem.

373 2760 513 2822 Secundo
535 2762 608 2820 item
629 2762 739 2821 misere
761 2763 880 2822 furaces
900 2763 1002 2837 lupos,

297 2853 363 2906 1310
372 2847 415 2907 Ut
433 2847 584 2922 uniplotio
605 2847 702 2906 vellus
727 2856 865 2905 avertant
886 2847 964 2920 duci,

372 2931 520 2994 Servabat
540 2932 602 2989 acri
621 2934 702 3007 quod
725 2934 816 2992 draco
839 2932 993 2992 custodia:

371 3016 519 3091 Quicum
540 3015 665 3094 Cyteam
686 3019 803 3076 venerit
821 3018 1020 3094 Libysticam,

370 3104 410 3161 Et
431 3102 642 3178 quadrinarem
664 3104 788 3180 sopiens
809 3103 870 3162 offa
889 3104 987 3175 boam,

371 3187 563 3246 Vomentium
584 3189 670 3266 ignes
692 3189 838 3263 presserit
857 3188 989 3245 dentalia

296 3274 454 3335 1315Urve
474 3273 626 3346 italorum,
647 3272 745 3332 elixus
763 3273 873 3330 immiti
892 3293 977 3350 rogo,

370 3359 444 3418 Non
466 3357 591 3417 abstulit
609 3359 738 3418 libenter
759 3359 855 3434 arvigi
874 3367 981 3429 entem,

372 3443 434 3505 Sed
457 3451 487 3502 et
504 3443 656 3501 bidentem
678 3451 785 3520 sponte
806 3450 972 3502 sectantem
991 3443 1146 3514 auferens,
1169 3457 1172 3462 ’

372 3528 627 3601 Germanicidam,
648 3529 820 3604 postitatem
844 3529 984 3600 liberum,

370 3614 464 3672 Picee
485 3615 523 3671 ad
545 3613 682 3689 loquacis
706 3613 825 3671 alveum
848 3613 989 3690 aurigans
1009 3612 1089 3684 tulit,

295 3709 363 3766 1320
372 3699 545 3758 Humanum
564 3700 604 3756 ab
629 3698 698 3757 altis
720 3697 908 3757 Chaoniticis
931 3714 1040 3758 sonum
