3059 4492
702 457 864 571 ’,44-

335 639 409 700 Non
430 641 591 713 oderimus,
614 661 676 700 non
698 646 867 704 amabimus
890 645 998 703 bonos.

337 812 387 869 41.
432 810 599 870 Commune
620 821 739 890 patrum
759 814 872 870 crimen
894 813 1082 890 indulgentia
1102 824 1160 888 est,

336 896 429 955 Vultu
449 903 596 972 paternae
617 899 750 957 caritatis
776 917 811 958 se
834 898 976 956 offerens.

337 979 430 1040 Gnati
448 983 565 1059 nepotis
583 1003 645 1042 non
667 1002 807 1042 coercere
826 984 968 1059 impetus,

336 1067 376 1126 Et
395 1067 428 1124 in
448 1067 566 1124 ruinam
587 1069 817 1128 subministrare
839 1068 952 1141 omnia,

337 1151 469 1212 Affabile
491 1152 594 1210 odium
616 1162 673 1226 est,
693 1163 724 1212 et
744 1162 852 1230 tepens
873 1152 1044 1233 crudelitas.

340 1323 390 1381 42.
434 1319 543 1382 Statim
567 1321 728 1401 obligatur.
750 1323 802 1398 qui
823 1321 897 1380 facit
919 1322 1121 1399 dignobene.

339 1406 492 1484 Quidquid
512 1407 639 1464 merenti
657 1406 713 1466 das
734 1408 818 1480 mibi,
843 1408 959 1483 imputo
981 1407 1045 1466 tibi.

339 1578 389 1636 43.
432 1575 606 1637 Aedilitatis
622 1576 789 1652 expeditus
811 1576 923 1634 ambitu

337 1663 374 1720 In
394 1660 578 1722 Consulatus
600 1662 734 1720 fascibus
755 1669 858 1719 votum
878 1661 1018 1737 impedis.

339 1747 469 1807 Omnem
491 1746 628 1823 relegisti
648 1746 752 1804 Idibus
775 1747 946 1821 pecuniam,

331 1832 471 1907 -Quaeris
495 1830 638 1890 Calendis
661 1849 808 1906 occupare
829 1830 959 1890 foenori

338 1918 386 1977 Ab
407 1918 468 1975 ietu
489 1917 599 1976 amoris
620 1916 713 1974 molle
735 1916 891 1975 declinans
913 1915 993 1973 latus

340 2000 447 2063 Scorto
465 2001 618 2078 impudico
639 2009 722 2060 totus
741 2002 773 2058 in
794 2000 915 2078 plagam
937 2008 1035 2076 pates.

339 2086 462 2148 crimen
484 2087 607 2164 fugasti,
628 2087 722 2144 victor
743 2087 822 2144 ultra
843 2106 905 2144 non
928 2085 1027 2144 times.

338 2173 495 2231 Instaurat
511 2189 580 2230 eece
602 2171 750 2247 praelium
777 2171 946 2246 cupidinum

340 2260 453 2317 Aestus
474 2256 637 2327 rebellans,
663 2265 693 2314 et
713 2257 835 2315 reiectis
857 2257 971 2314 viribus

339 2343 377 2400 ln
399 2351 429 2400 te
450 2343 632 2420 imparatum
653 2342 741 2418 signa
763 2343 900 2399 cominus
919 2347 1030 2399 movet.

340 2425 414 2486 Non
434 2435 483 2486 sat
503 2429 657 2487 domatur:
680 2437 728 2484 est
746 2426 988 2501 triumphandum
1011 2425 1121 2484 scelus.

340 2512 424 2571 Laus
445 2532 508 2570 nna
529 2511 628 2588 subigi
650 2519 697 2570 est
704 2533 712 2581 3
736 2511 833 2569 altera
851 2511 967 2586 imponi
986 2511 1098 2588 iugum.

343 2596 389 2655 Te
409 2596 482 2656 vitia
504 2599 636 2668 vincent,
659 2607 725 2654 tota
747 2597 774 2654 si
793 2615 855 2653 non
878 2595 999 2654 viceris.
1052 2672 1064 2697 ο

343 2765 393 2823 rs.
438 2764 496 2838 oui
516 2765 656 2842 possus
680 2783 749 2823 esse
772 2765 909 2822 cominus
927 2745 1047 2838 aviani,

343 2847 464 2910 Servire
487 2850 585 2909 servis
607 2848 754 2924 quomodo
777 2857 867 2925 potes
888 2850 961 2921 tuis,

342 2933 402 3008 Qui
422 2942 468 2993 tot
489 2943 633 3010 tyrannos
658 2943 732 3010 quot
754 2934 902 2992 satellites
923 2935 1039 2994 habes?

343 3017 465 3098 Servire
485 3021 584 3078 servis
606 3019 714 3077 dicitnr
735 3020 884 3096 Princeps
906 3021 983 3092 suis,

343 3103 429 3178 Quod
449 3123 539 3183 agere
556 3124 613 3181 per
635 3123 669 3163 se
692 3104 795 3162 debuit
813 3124 868 3180 per
887 3106 942 3164 hos
964 3123 1070 3182 agens,
1134 3136 1138 3142 .

341 3189 403 3248 Per
421 3192 480 3249 hos
500 3190 612 3248 vicarie
633 3190 770 3262 audiens,
794 3209 850 3267 per
872 3191 930 3249 hos
951 3190 1089 3266 loquens.

342 3276 540 3335 Auctoritatis
564 3293 669 3334 servus
690 3275 877 3347 immodicae,
898 3284 1049 3348 nomast,

342 3363 561 3419 Auctoritatem
583 3379 642 3418 non
662 3361 803 3418 habentis
825 3360 989 3436 Principis.

344 3529 395 3587 45.
439 3533 531 3588 Amor
549 3495 767 3606 obsequentum
791 3539 822 3588 et
843 3529 1022 3605 imperantis
1045 3528 1177 3605 dignitas
1254 3557 1258 3565 ·
1367 3552 1368 3561 ¹

343 3612 443 3690 Regni
462 3614 595 3688 potentis
614 3617 712 3690 prima
734 3623 809 3673 sunt
827 3614 1002 3670 munimina.

345 3696 514 3760 Severitate
536 3698 647 3757 caritas
667 3697 823 3767 amittitur,
