3059 4492
648 499 799 596 Q

264 671 386 730 Rubere
407 675 508 726 mente
530 676 659 745 ceptum,

165 821 166 846 ξ
264 752 431 823 Lusciuiee
451 753 535 812 ilicet

264 838 477 902 Lamentebile

165 937 166 950 ¹
266 925 398 985 Carmen
420 921 576 982 volitantis

266 1011 340 1070 Non
361 1009 415 1069 ills
437 1008 572 1070 occinet:

266 1099 324 1155 Ast
343 1094 507 1152 luctificum
528 1090 692 1167 integrabit

267 1181 407 1240 Leseum.
429 1185 551 1255 pectora
571 1175 682 1252 palmis

269 1267 351 1324 Atris
371 1272 464 1323 tonsa
484 1262 650 1322 sonabunt:

267 1351 471 1423 Insanamque
494 1365 602 1405 manus

268 1435 392 1496 Comum
409 1433 594 1492 lacerabunt.

421 1535 425 1544 ‚
537 1517 565 1574 2.
588 1516 782 1592 Antistropta
803 1523 921 1582 xlm,

267 1607 445 1664 Praestaret
465 1601 629 1660 extinctum

268 1691 371 1762 Hunc,
395 1707 484 1762 quem
507 1685 670 1757 effererier‚

269 1777 331 1838 Ubi
353 1782 481 1854 paterno
503 1791 558 1830 cn·

270 1862 395 1922 -tistans
419 1858 555 1916 celebres
572 1856 708 1918 Achivos

271 1947 404 2018 Genus,
425 1951 456 2002 et
474 1941 587 2018 inclyto
609 1949 690 2014 ortu,¹

270 2032 401 2110 Cognita
421 2047 484 2088 non
501 2032 585 2084 tenet

271 2117 313 2179 Se
333 2117 416 2176 intre
437 2120 523 2192 septu
548 2111 613 2170 cni·

271 2204 338 2275 ·mi,
362 2209 411 2260 ast
433 2197 535 2256 exulat
557 2204 651 2256 extra.

270 2286 386 2346 Infelix
405 2291 502 2361 peter,

271 2374 344 2432 Heu
365 2370 468 2447 qua-lie
482 2373 519 2426 'et
540 2365 646 2424 audies
667 2373 699 2422 tu

272 2454 443 2517 Infortunia
459 2453 536 2512 nati:

274 2543 361 2617 Quae
379 2541 507 2598 antehac
524 2536 723 2606 Aeacidarum
753 2546 755 2556 ’

166 2683 167 2688 ,
273 2632 370 2690 Aetas
390 2646 449 2684 non
473 2623 585 2681 tulerat

275 2713 407 2790 Quidem
428 2709 503 2780 ulla,
522 2706 583 2766 nisi
601 2707 670 2764 ista.

605 2875 704 2935 Actus
729 2873 864 2936 Tertius.

275 2968 325 3027 Αἰ.
367 2965 479 3026 Omnia
499 2960 622 3020 reflexis
643 2957 812 3018 seculorum
834 2956 1020 3016 anfractibus
1191 2950 1243 3005 tlt

171 3073 181 3096 ⁸
277 3050 409 3112 Occulta
431 3057 550 3124 tempus
574 3044 682 3123 aperit,
706 3051 737 3102 et
758 3052 863 3122 aperta
884 3042 1004 3101 occulit.
1047 3042 1049 3045 ’

276 3134 365 3195 Nihil
388 3142 437 3194 est
457 3152 551 3210 supra
572 3149 668 3207 spem.
690 3136 824 3207 tempore
842 3127 932 3186 etiem
958 3135 1121 3185 contumax

277 3220 485 3298 Deprenditur
506 3235 604 3288 mens,
625 3216 733 3288 iusque
752 3214 910 3292 iurandum
930 3212 1024 3271 Iovis.

277 3307 346 3385 Ego
368 3304 521 3384 pervicaci
541 3307 653 3372 mente,
676 3298 870 3371 inexorabili,
1192 3287 1246 3341 650

279 3390 390 3468 Qualis
411 3389 534 3467 rigescit
556 3387 632 3444 dure
651 3385 725 3442 ferri
746 3385 828 3443 acics
851 3401 939 3458 equa,

278 3475 459 3537 Demulctus
480 3473 570 3532 huius
596 3489 743 3530 cresum.
765 3469 895 3528 inimicis
915 3485 981 3524 eum

278 3562 434 3636 Linquere
454 3560 610 3618 misertum
632 3555 831 3626 estrffluam,
853 3562 884 3612 et
903 3553 1010 3611 orbum
1029 3549 1133 3608 filium.

279 3646 344 3708 Sed
366 3647 406 3704 ed
427 3645 549 3704 lavacra
572 3652 602 3701 et
623 3647 712 3717 prate
728 3638 863 3699 litoralia

280 3733 337 3806 Ec,
358 3739 391 3789 ut
413 3730 554 3807 expiatus
576 3727 692 3786 februis
713 3724 900 3786 lustralibus.
1196 3709 1249 3765 ⁶55
