<?xml version="1.0" encoding="UTF-8"?>
<!DOCTYPE html PUBLIC "-//W3C//DTD XHTML 1.0 Transitional//EN"
    "http://www.w3.org/TR/xhtml1/DTD/xhtml1-transitional.dtd">
<html xmlns="http://www.w3.org/1999/xhtml" xml:lang="en" lang="en">
 <head>
  <title>
</title>
<meta http-equiv="Content-Type" content="text/html;charset=utf-8" />
  <meta name='ocr-system' content='tesseract 3.04.00' />
  <meta name='ocr-capabilities' content='ocr_page ocr_carea ocr_par ocr_line ocrx_word'/>
</head>
<body>
  <div class='ocr_page' id='page_1' title='image "./poemataomnia01scalgoog_0353.png"; bbox 0 0 3059 4492; ppageno 0'>
   <div class='ocr_carea' id='block_1_1' title="bbox 654 497 804 593">
    <p class='ocr_par' dir='ltr' id='par_1_1' title="bbox 654 497 804 593">
     <span class='ocr_line' id='line_1_1' title="bbox 654 497 804 593; baseline 0 -37"><span class='ocrx_word' id='word_1_1' title='bbox 654 497 804 593; x_wconf 43' lang='lat'>„³42-</span> 
     </span>
    </p>
   </div>
   <div class='ocr_carea' id='block_1_2' title="bbox 270 664 953 913">
    <p class='ocr_par' dir='ltr' id='par_1_2' title="bbox 270 664 953 913">
     <span class='ocr_line' id='line_1_2' title="bbox 270 664 885 744; baseline -0.007 -16"><span class='ocrx_word' id='word_1_2' title='bbox 270 667 427 728; x_wconf 87' lang='lat' dir='ltr'>Munimen</span> <span class='ocrx_word' id='word_1_3' title='bbox 447 664 524 722; x_wconf 89' lang='lat' dir='ltr'>ictus</span> <span class='ocrx_word' id='word_1_4' title='bbox 546 664 665 738; x_wconf 79' lang='lat' dir='ltr'><strong>hostici,</strong></span> <span class='ocrx_word' id='word_1_5' title='bbox 685 675 776 743; x_wconf 87' lang='lat' dir='ltr'>caput</span> <span class='ocrx_word' id='word_1_6' title='bbox 794 673 885 744; x_wconf 80' lang='lat' dir='ltr'>teget.</span> 
     </span>
     <span class='ocr_line' id='line_1_3' title="bbox 270 748 916 818; baseline -0.003 -6"><span class='ocrx_word' id='word_1_7' title='bbox 270 753 389 818; x_wconf 78' lang='lat' dir='ltr'><strong>Intacta</strong></span> <span class='ocrx_word' id='word_1_8' title='bbox 409 748 606 808; x_wconf 84' lang='lat' dir='ltr'>vermiculata</span> <span class='ocrx_word' id='word_1_9' title='bbox 627 750 789 810; x_wconf 74' lang='lat' dir='ltr'>claxendix</span> <span class='ocrx_word' id='word_1_10' title='bbox 807 751 916 810; x_wconf 84' lang='lat' dir='ltr'>domos</span> 
     </span>
     <span class='ocr_line' id='line_1_4' title="bbox 271 833 953 913; baseline -0.006 -15"><span class='ocrx_word' id='word_1_11' title='bbox 271 836 414 899; x_wconf 88' lang='lat' dir='ltr'>Servabit</span> <span class='ocrx_word' id='word_1_12' title='bbox 432 834 520 907; x_wconf 85' lang='lat' dir='ltr'>alias,</span> <span class='ocrx_word' id='word_1_13' title='bbox 542 833 649 894; x_wconf 88' lang='lat' dir='ltr'>incolis</span> <span class='ocrx_word' id='word_1_14' title='bbox 670 837 822 913; x_wconf 85' lang='lat' dir='ltr'>stupenda</span> <span class='ocrx_word' id='word_1_15' title='bbox 841 855 906 895; x_wconf 85' lang='lat' dir='ltr'>res:</span> <span class='ocrx_word' id='word_1_16' title='bbox 950 871 953 876; x_wconf 90' lang='lat'><em>·</em></span> 
     </span>
    </p>
   </div>
   <div class='ocr_carea' id='block_1_3' title="bbox 166 919 999 1081">
    <p class='ocr_par' dir='ltr' id='par_1_3' title="bbox 166 919 999 1081">
     <span class='ocr_line' id='line_1_5' title="bbox 166 919 999 998; baseline 0 -18"><span class='ocrx_word' id='word_1_17' title='bbox 166 925 167 944; x_wconf 67' lang='lat'>¹</span> <span class='ocrx_word' id='word_1_18' title='bbox 271 921 359 996; x_wconf 81' lang='lat' dir='ltr'>Quod</span> <span class='ocrx_word' id='word_1_19' title='bbox 380 919 494 996; x_wconf 88' lang='lat' dir='ltr'>templa</span> <span class='ocrx_word' id='word_1_20' title='bbox 514 919 555 978; x_wconf 91' lang='lat' dir='ltr'>ad</span> <span class='ocrx_word' id='word_1_21' title='bbox 576 919 638 978; x_wconf 88' lang='lat' dir='ltr'>alta</span> <span class='ocrx_word' id='word_1_22' title='bbox 662 921 855 998; x_wconf 85' lang='lat' dir='ltr'>siderumque</span> <span class='ocrx_word' id='word_1_23' title='bbox 877 919 999 980; x_wconf 82' lang='lat' dir='ltr'>subices</span> 
     </span>
     <span class='ocr_line' id='line_1_6' title="bbox 166 997 913 1081; baseline -0.003 -15"><span class='ocrx_word' id='word_1_24' title='bbox 166 997 167 1058; x_wconf 54' lang='grc' dir='ltr'><strong>ἶ</strong></span> <span class='ocrx_word' id='word_1_25' title='bbox 270 1008 374 1067; x_wconf 83' lang='lat' dir='ltr'>Ducat</span> <span class='ocrx_word' id='word_1_26' title='bbox 398 1005 475 1062; x_wconf 87' lang='lat' dir='ltr'>duos</span> <span class='ocrx_word' id='word_1_27' title='bbox 496 1004 665 1081; x_wconf 85' lang='lat' dir='ltr'>Laperaios</span> <span class='ocrx_word' id='word_1_28' title='bbox 684 1006 913 1078; x_wconf 83' lang='lat' dir='ltr'>medioxumos,</span> 
     </span>
    </p>
   </div>
   <div class='ocr_carea' id='block_1_4' title="bbox 271 1090 1126 1168">
    <p class='ocr_par' dir='ltr' id='par_1_4' title="bbox 271 1090 1126 1168">
     <span class='ocr_line' id='line_1_7' title="bbox 271 1090 1126 1168; baseline -0.002 -18"><span class='ocrx_word' id='word_1_29' title='bbox 271 1093 361 1168; x_wconf 83' lang='lat' dir='ltr'>Quos</span> <span class='ocrx_word' id='word_1_30' title='bbox 382 1107 536 1166; x_wconf 88' lang='lat' dir='ltr'>nunquam</span> <span class='ocrx_word' id='word_1_31' title='bbox 554 1090 586 1148; x_wconf 91' lang='lat' dir='ltr'>in</span> <span class='ocrx_word' id='word_1_32' title='bbox 610 1092 711 1149; x_wconf 90' lang='lat' dir='ltr'>orbem</span> <span class='ocrx_word' id='word_1_33' title='bbox 731 1091 869 1168; x_wconf 87' lang='lat' dir='ltr'>Iuppiter</span> <span class='ocrx_word' id='word_1_34' title='bbox 891 1107 1004 1168; x_wconf 84' lang='lat' dir='ltr'>sospes</span> <span class='ocrx_word' id='word_1_35' title='bbox 1026 1109 1126 1149; x_wconf 86' lang='lat' dir='ltr'>meum</span> 
     </span>
    </p>
   </div>
   <div class='ocr_carea' id='block_1_5' title="bbox 166 1174 933 1423">
    <p class='ocr_par' dir='ltr' id='par_1_5' title="bbox 166 1174 933 1423">
     <span class='ocr_line' id='line_1_8' title="bbox 166 1174 914 1258; baseline -0.003 -22"><span class='ocrx_word' id='word_1_36' title='bbox 166 1215 167 1258; x_wconf 80' lang='lat'>1</span> <span class='ocrx_word' id='word_1_37' title='bbox 271 1176 374 1236; x_wconf 84' lang='lat' dir='ltr'>Duxis</span> <span class='ocrx_word' id='word_1_38' title='bbox 396 1174 571 1250; x_wconf 88' lang='lat' dir='ltr'>bipraedem</span> <span class='ocrx_word' id='word_1_39' title='bbox 593 1175 777 1253; x_wconf 79' lang='lat' dir='ltr'>liberaturos</span> <span class='ocrx_word' id='word_1_40' title='bbox 800 1176 914 1234; x_wconf 84' lang='lat' dir='ltr'>sabim:</span> 
     </span>
     <span class='ocr_line' id='line_1_9' title="bbox 166 1259 933 1333; baseline -0.004 -12"><span class='ocrx_word' id='word_1_41' title='bbox 166 1267 167 1294; x_wconf 59' lang='lat'><em>³</em></span> <span class='ocrx_word' id='word_1_42' title='bbox 271 1262 340 1321; x_wconf 87' lang='lat' dir='ltr'>Nec</span> <span class='ocrx_word' id='word_1_43' title='bbox 361 1259 411 1319; x_wconf 85' lang='lat' dir='ltr'>vel</span> <span class='ocrx_word' id='word_1_44' title='bbox 433 1259 549 1319; x_wconf 79' lang='lat' dir='ltr'>celoces</span> <span class='ocrx_word' id='word_1_45' title='bbox 572 1261 756 1322; x_wconf 74' lang='lat' dir='ltr'>instruentes</span> <span class='ocrx_word' id='word_1_46' title='bbox 777 1261 933 1333; x_wconf 78' lang='lat' dir='ltr'>classium,</span> 
     </span>
     <span class='ocr_line' id='line_1_10' title="bbox 166 1345 900 1423; baseline -0.004 -16"><span class='ocrx_word' id='word_1_47' title='bbox 166 1365 167 1416; x_wconf 69' lang='lat' dir='ltr'>l</span> <span class='ocrx_word' id='word_1_48' title='bbox 271 1349 298 1407; x_wconf 81' lang='grc' dir='ltr'>Ε</span> <span class='ocrx_word' id='word_1_49' title='bbox 320 1365 424 1423; x_wconf 89' lang='lat' dir='ltr'>puppe</span> <span class='ocrx_word' id='word_1_50' title='bbox 447 1363 563 1403; x_wconf 88' lang='lat' dir='ltr'>summa</span> <span class='ocrx_word' id='word_1_51' title='bbox 585 1347 715 1423; x_wconf 80' lang='lat' dir='ltr'>nudipes</span> <span class='ocrx_word' id='word_1_52' title='bbox 738 1345 900 1423; x_wconf 84' lang='lat' dir='ltr'>vestigium</span> 
     </span>
    </p>
   </div>
   <div class='ocr_carea' id='block_1_6' title="bbox 166 1429 1112 3807">
    <p class='ocr_par' dir='ltr' id='par_1_6' title="bbox 166 1429 1020 1682">
     <span class='ocr_line' id='line_1_11' title="bbox 272 1429 980 1508; baseline -0.003 -16"><span class='ocrx_word' id='word_1_53' title='bbox 272 1433 390 1501; x_wconf 83' lang='lat' dir='ltr'><strong>Hostes</strong></span> <span class='ocrx_word' id='word_1_54' title='bbox 414 1437 534 1489; x_wconf 82' lang='lat' dir='ltr'>vetusto</span> <span class='ocrx_word' id='word_1_55' title='bbox 557 1429 727 1508; x_wconf 86' lang='lat' dir='ltr'>Bebrycum</span> <span class='ocrx_word' id='word_1_56' title='bbox 747 1431 876 1508; x_wconf 85' lang='lat' dir='ltr'>infigant</span> <span class='ocrx_word' id='word_1_57' title='bbox 897 1431 980 1492; x_wconf 83' lang='lat' dir='ltr'>solo:</span> 
     </span>
     <span class='ocr_line' id='line_1_12' title="bbox 266 1515 1020 1592; baseline -0.001 -18"><span class='ocrx_word' id='word_1_58' title='bbox 266 1517 382 1592; x_wconf 83' lang='lat' dir='ltr'>Neque</span> <span class='ocrx_word' id='word_1_59' title='bbox 404 1516 462 1574; x_wconf 88' lang='lat' dir='ltr'>hos</span> <span class='ocrx_word' id='word_1_60' title='bbox 486 1515 590 1574; x_wconf 88' lang='lat' dir='ltr'>leones</span> <span class='ocrx_word' id='word_1_61' title='bbox 614 1524 773 1577; x_wconf 88' lang='lat' dir='ltr'>anteuntes</span> <span class='ocrx_word' id='word_1_62' title='bbox 796 1516 922 1588; x_wconf 82' lang='lat' dir='ltr'>viribus,</span> <span class='ocrx_word' id='word_1_63' title='bbox 1014 1582 1020 1592; x_wconf 31' lang='lat'>¹</span> 
     </span>
     <span class='ocr_line' id='line_1_13' title="bbox 166 1599 943 1682; baseline -0.006 -19"><span class='ocrx_word' id='word_1_64' title='bbox 166 1679 167 1682; x_wconf 8' lang='grc' dir='ltr'><strong>Ἴ</strong></span> <span class='ocrx_word' id='word_1_65' title='bbox 272 1601 352 1662; x_wconf 85' lang='lat' dir='ltr'>Duri</span> <span class='ocrx_word' id='word_1_66' title='bbox 372 1599 482 1672; x_wconf 89' lang='lat' dir='ltr'>duello,</span> <span class='ocrx_word' id='word_1_67' title='bbox 502 1618 636 1676; x_wconf 87' lang='lat' dir='ltr'>quosque</span> <span class='ocrx_word' id='word_1_68' title='bbox 658 1603 778 1660; x_wconf 89' lang='lat' dir='ltr'>Mavors</span> <span class='ocrx_word' id='word_1_69' title='bbox 802 1601 943 1678; x_wconf 80' lang='lat' dir='ltr'>armiger,</span> 
     </span>
    </p>

    <p class='ocr_par' dir='ltr' id='par_1_7' title="bbox 166 1683 943 1764">
     <span class='ocr_line' id='line_1_14' title="bbox 166 1683 943 1764; baseline -0.004 -18"><span class='ocrx_word' id='word_1_70' title='bbox 166 1683 167 1714; x_wconf 55' lang='lat'><em>&#39;</em></span> <span class='ocrx_word' id='word_1_71' title='bbox 275 1688 363 1764; x_wconf 84' lang='lat' dir='ltr'>Quos</span> <span class='ocrx_word' id='word_1_72' title='bbox 382 1684 545 1757; x_wconf 87' lang='lat' dir='ltr'>Nerienes,</span> <span class='ocrx_word' id='word_1_73' title='bbox 565 1684 663 1762; x_wconf 84' lang='lat' dir='ltr'>Capta</span> <span class='ocrx_word' id='word_1_74' title='bbox 683 1705 760 1761; x_wconf 91' lang='lat' dir='ltr'>quos</span> <span class='ocrx_word' id='word_1_75' title='bbox 783 1695 865 1744; x_wconf 89' lang='lat' dir='ltr'>amat</span> <span class='ocrx_word' id='word_1_76' title='bbox 885 1686 943 1744; x_wconf 89' lang='lat' dir='ltr'>dea</span> 
     </span>
    </p>

    <p class='ocr_par' dir='ltr' id='par_1_8' title="bbox 166 1767 1112 2614">
     <span class='ocr_line' id='line_1_15' title="bbox 166 1767 936 1848; baseline -0.003 -16"><span class='ocrx_word' id='word_1_77' title='bbox 166 1767 167 1788; x_wconf 61' lang='lat'>¹</span> <span class='ocrx_word' id='word_1_78' title='bbox 273 1774 371 1832; x_wconf 89' lang='lat' dir='ltr'>Boum</span> <span class='ocrx_word' id='word_1_79' title='bbox 392 1772 472 1848; x_wconf 83' lang='lat' dir='ltr'>iuga,</span> <span class='ocrx_word' id='word_1_80' title='bbox 499 1777 529 1828; x_wconf 86' lang='lat' dir='ltr'>et</span> <span class='ocrx_word' id='word_1_81' title='bbox 552 1769 664 1830; x_wconf 80' lang='lat' dir='ltr'>Ouritis</span> <span class='ocrx_word' id='word_1_82' title='bbox 687 1771 849 1830; x_wconf 90' lang='lat' dir='ltr'>Homolois</span> <span class='ocrx_word' id='word_1_83' title='bbox 869 1771 936 1830; x_wconf 86' lang='lat' dir='ltr'>dea.</span> 
     </span>
     <span class='ocr_line' id='line_1_16' title="bbox 274 1854 931 1930; baseline -0.006 -13"><span class='ocrx_word' id='word_1_84' title='bbox 274 1858 362 1917; x_wconf 87' lang='lat' dir='ltr'>Haec</span> <span class='ocrx_word' id='word_1_85' title='bbox 384 1875 462 1930; x_wconf 87' lang='lat' dir='ltr'>quae</span> <span class='ocrx_word' id='word_1_86' title='bbox 483 1854 618 1916; x_wconf 85' lang='lat' dir='ltr'>cluentes</span> <span class='ocrx_word' id='word_1_87' title='bbox 640 1865 704 1914; x_wconf 86' lang='lat' dir='ltr'>arte</span> <span class='ocrx_word' id='word_1_88' title='bbox 723 1857 840 1915; x_wconf 78' lang='lat' dir='ltr'>fabrica</span> <span class='ocrx_word' id='word_1_89' title='bbox 863 1856 931 1928; x_wconf 89' lang='lat' dir='ltr'>duo,</span> 
     </span>
     <span class='ocr_line' id='line_1_17' title="bbox 274 1939 1112 2017; baseline -0.001 -17"><span class='ocrx_word' id='word_1_90' title='bbox 274 1941 549 2017; x_wconf 65' lang='lat' dir='ltr'>Querquetulanum,</span> <span class='ocrx_word' id='word_1_91' title='bbox 572 1939 693 2000; x_wconf 88' lang='lat' dir='ltr'>Consus</span> <span class='ocrx_word' id='word_1_92' title='bbox 722 1949 752 1999; x_wconf 90' lang='lat' dir='ltr'>et</span> <span class='ocrx_word' id='word_1_93' title='bbox 774 1940 926 2000; x_wconf 80' lang='lat' dir='ltr'>Cromnae</span> <span class='ocrx_word' id='word_1_94' title='bbox 946 1941 1112 2017; x_wconf 84' lang='lat' dir='ltr'>imperans,</span> 
     </span>
     <span class='ocr_line' id='line_1_18' title="bbox 275 2025 929 2103; baseline -0.005 -16"><span class='ocrx_word' id='word_1_95' title='bbox 275 2027 422 2088; x_wconf 86' lang='lat' dir='ltr'>Struxere</span> <span class='ocrx_word' id='word_1_96' title='bbox 444 2025 595 2100; x_wconf 89' lang='lat' dir='ltr'>quondam</span> <span class='ocrx_word' id='word_1_97' title='bbox 618 2027 769 2103; x_wconf 85' lang='lat' dir='ltr'>peieranti</span> <span class='ocrx_word' id='word_1_98' title='bbox 791 2026 929 2103; x_wconf 80' lang='lat' dir='ltr'>principi,</span> 
     </span>
     <span class='ocr_line' id='line_1_19' title="bbox 275 2111 976 2188; baseline -0.004 -17"><span class='ocrx_word' id='word_1_99' title='bbox 275 2111 386 2172; x_wconf 81' lang='lat' dir='ltr'>Orodis</span> <span class='ocrx_word' id='word_1_100' title='bbox 409 2111 489 2168; x_wconf 91' lang='lat' dir='ltr'>diem</span> <span class='ocrx_word' id='word_1_101' title='bbox 511 2130 603 2169; x_wconf 92' lang='lat' dir='ltr'>unum</span> <span class='ocrx_word' id='word_1_102' title='bbox 626 2112 678 2170; x_wconf 83' lang='lat' dir='ltr'>vix</span> <span class='ocrx_word' id='word_1_103' title='bbox 697 2113 778 2188; x_wconf 86' lang='lat' dir='ltr'>lupis</span> <span class='ocrx_word' id='word_1_104' title='bbox 801 2111 976 2171; x_wconf 82' lang='lat' dir='ltr'>suffecerint</span> 
     </span>
     <span class='ocr_line' id='line_1_20' title="bbox 274 2196 943 2274; baseline -0.009 -18"><span class='ocrx_word' id='word_1_105' title='bbox 274 2198 345 2256; x_wconf 86' lang='lat' dir='ltr'>Vim</span> <span class='ocrx_word' id='word_1_106' title='bbox 366 2196 555 2254; x_wconf 85' lang='lat' dir='ltr'>fulminantis</span> <span class='ocrx_word' id='word_1_107' title='bbox 578 2197 710 2274; x_wconf 86' lang='lat' dir='ltr'>impetus</span> <span class='ocrx_word' id='word_1_108' title='bbox 734 2196 899 2273; x_wconf 80' lang='lat' dir='ltr'>depellere,</span> <span class='ocrx_word' id='word_1_109' title='bbox 940 2246 943 2250; x_wconf 90' lang='lat'>.</span> 
     </span>
     <span class='ocr_line' id='line_1_21' title="bbox 275 2281 1008 2358; baseline -0.004 -18"><span class='ocrx_word' id='word_1_110' title='bbox 275 2281 423 2356; x_wconf 79' lang='lat' dir='ltr'>Quamvis</span> <span class='ocrx_word' id='word_1_111' title='bbox 445 2282 477 2340; x_wconf 94' lang='lat' dir='ltr'>in</span> <span class='ocrx_word' id='word_1_112' title='bbox 500 2283 620 2341; x_wconf 83' lang='lat' dir='ltr'>arcibus</span> <span class='ocrx_word' id='word_1_113' title='bbox 642 2281 863 2340; x_wconf 87' lang='lat' dir='ltr'>Canastraeum</span> <span class='ocrx_word' id='word_1_114' title='bbox 886 2297 1008 2358; x_wconf 83' lang='lat' dir='ltr'>gravem</span> 
     </span>
     <span class='ocr_line' id='line_1_22' title="bbox 276 2366 1093 2445; baseline -0.006 -19"><span class='ocrx_word' id='word_1_115' title='bbox 276 2366 420 2445; x_wconf 82' lang='lat' dir='ltr'>Giganta,</span> <span class='ocrx_word' id='word_1_116' title='bbox 443 2374 589 2425; x_wconf 85' lang='lat' dir='ltr'>constans</span> <span class='ocrx_word' id='word_1_117' title='bbox 610 2367 738 2426; x_wconf 88' lang='lat' dir='ltr'>hostium</span> <span class='ocrx_word' id='word_1_118' title='bbox 759 2366 948 2444; x_wconf 83' lang='lat' dir='ltr'>repagulum,</span> <span class='ocrx_word' id='word_1_119' title='bbox 1055 2413 1057 2418; x_wconf 93' lang='lat'><em>.</em></span> <span class='ocrx_word' id='word_1_120' title='bbox 1088 2399 1093 2404; x_wconf 90' lang='lat'>·</span> 
     </span>
     <span class='ocr_line' id='line_1_23' title="bbox 275 2452 958 2529; baseline -0.003 -19"><span class='ocrx_word' id='word_1_121' title='bbox 275 2452 441 2523; x_wconf 90' lang='lat' dir='ltr'>Habentia,</span> <span class='ocrx_word' id='word_1_122' title='bbox 461 2459 553 2527; x_wconf 80' lang='lat' dir='ltr'>atque</span> <span class='ocrx_word' id='word_1_123' title='bbox 576 2459 658 2510; x_wconf 88' lang='lat' dir='ltr'>certa</span> <span class='ocrx_word' id='word_1_124' title='bbox 679 2453 810 2529; x_wconf 90' lang='lat' dir='ltr'>primum</span> <span class='ocrx_word' id='word_1_125' title='bbox 830 2453 958 2510; x_wconf 86' lang='lat' dir='ltr'>verbera</span> 
     </span>
     <span class='ocr_line' id='line_1_24' title="bbox 276 2536 911 2614; baseline -0.003 -18"><span class='ocrx_word' id='word_1_126' title='bbox 276 2539 405 2596; x_wconf 83' lang='lat' dir='ltr'>Vibrare</span> <span class='ocrx_word' id='word_1_127' title='bbox 423 2545 577 2613; x_wconf 89' lang='lat' dir='ltr'>promtum</span> <span class='ocrx_word' id='word_1_128' title='bbox 595 2537 778 2596; x_wconf 73' lang='lat' dir='ltr'>lancinatori</span> <span class='ocrx_word' id='word_1_129' title='bbox 798 2536 911 2614; x_wconf 83' lang='lat' dir='ltr'>gregis,</span> 
     </span>
    </p>

    <p class='ocr_par' dir='ltr' id='par_1_9' title="bbox 275 2622 1043 3124">
     <span class='ocr_line' id='line_1_25' title="bbox 275 2622 944 2700; baseline -0.006 -18"><span class='ocrx_word' id='word_1_130' title='bbox 275 2625 317 2682; x_wconf 86' lang='lat' dir='ltr'>Et</span> <span class='ocrx_word' id='word_1_131' title='bbox 338 2623 423 2680; x_wconf 88' lang='lat' dir='ltr'>cuius</span> <span class='ocrx_word' id='word_1_132' title='bbox 445 2622 507 2681; x_wconf 85' lang='lat' dir='ltr'>iras</span> <span class='ocrx_word' id='word_1_133' title='bbox 530 2623 644 2697; x_wconf 86' lang='lat' dir='ltr'>primus</span> <span class='ocrx_word' id='word_1_134' title='bbox 669 2622 815 2680; x_wconf 87' lang='lat' dir='ltr'>accendet</span> <span class='ocrx_word' id='word_1_135' title='bbox 835 2639 944 2700; x_wconf 86' lang='lat' dir='ltr'>graves</span> 
     </span>
     <span class='ocr_line' id='line_1_26' title="bbox 275 2706 966 2784; baseline -0.007 -15"><span class='ocrx_word' id='word_1_136' title='bbox 275 2711 430 2784; x_wconf 86' lang='lat' dir='ltr'>Acceptor</span> <span class='ocrx_word' id='word_1_137' title='bbox 452 2725 532 2780; x_wconf 88' lang='lat' dir='ltr'>acer,</span> <span class='ocrx_word' id='word_1_138' title='bbox 558 2706 704 2766; x_wconf 89' lang='lat' dir='ltr'>lubricum</span> <span class='ocrx_word' id='word_1_139' title='bbox 726 2707 836 2766; x_wconf 86' lang='lat' dir='ltr'>saltum</span> <span class='ocrx_word' id='word_1_140' title='bbox 858 2707 966 2777; x_wconf 81' lang='lat' dir='ltr'>citans,</span> 
     </span>
     <span class='ocr_line' id='line_1_27' title="bbox 275 2791 1043 2870; baseline -0.001 -18"><span class='ocrx_word' id='word_1_141' title='bbox 275 2793 351 2852; x_wconf 86' lang='lat' dir='ltr'>Flos</span> <span class='ocrx_word' id='word_1_142' title='bbox 374 2793 439 2868; x_wconf 87' lang='lat' dir='ltr'>ipse</span> <span class='ocrx_word' id='word_1_143' title='bbox 461 2791 599 2864; x_wconf 75' lang='lat' dir='ltr'>Graium,</span> <span class='ocrx_word' id='word_1_144' title='bbox 622 2793 668 2850; x_wconf 92' lang='lat' dir='ltr'>cui</span> <span class='ocrx_word' id='word_1_145' title='bbox 691 2792 898 2870; x_wconf 85' lang='lat' dir='ltr'>Dolongorum</span> <span class='ocrx_word' id='word_1_146' title='bbox 918 2791 1043 2869; x_wconf 80' lang='lat' dir='ltr'>elegans</span> 
     </span>
     <span class='ocr_line' id='line_1_28' title="bbox 278 2876 918 2954; baseline -0.009 -15"><span class='ocrx_word' id='word_1_147' title='bbox 278 2879 362 2939; x_wconf 89' lang='lat' dir='ltr'>Olim</span> <span class='ocrx_word' id='word_1_148' title='bbox 383 2876 554 2954; x_wconf 86' lang='lat' dir='ltr'>sepulcrum</span> <span class='ocrx_word' id='word_1_149' title='bbox 574 2877 641 2952; x_wconf 89' lang='lat' dir='ltr'>ripa</span> <span class='ocrx_word' id='word_1_150' title='bbox 663 2879 805 2936; x_wconf 85' lang='lat' dir='ltr'>defuncto</span> <span class='ocrx_word' id='word_1_151' title='bbox 828 2883 918 2954; x_wconf 88' lang='lat' dir='ltr'>parat</span> 
     </span>
     <span class='ocr_line' id='line_1_29' title="bbox 276 2963 943 3040; baseline -0.006 -18"><span class='ocrx_word' id='word_1_152' title='bbox 276 2964 421 3022; x_wconf 90' lang='lat' dir='ltr'>Rumona</span> <span class='ocrx_word' id='word_1_153' title='bbox 440 2981 535 3021; x_wconf 90' lang='lat' dir='ltr'>cornu</span> <span class='ocrx_word' id='word_1_154' title='bbox 554 2963 731 3040; x_wconf 84' lang='lat' dir='ltr'>prominens</span> <span class='ocrx_word' id='word_1_155' title='bbox 752 2963 943 3039; x_wconf 87' lang='lat' dir='ltr'>peninsulae.</span> 
     </span>
     <span class='ocr_line' id='line_1_30' title="bbox 275 3047 916 3124; baseline -0.006 -16"><span class='ocrx_word' id='word_1_156' title='bbox 275 3047 413 3108; x_wconf 84' lang='lat' dir='ltr'>Accedet</span> <span class='ocrx_word' id='word_1_157' title='bbox 432 3048 645 3124; x_wconf 86' lang='lat' dir='ltr'>insperatus[,]</span> <span class='ocrx_word' id='word_1_158' title='bbox 669 3049 801 3106; x_wconf 77' lang='lat' dir='ltr'>accedet</span> <span class='ocrx_word' id='word_1_159' title='bbox 814 3056 916 3105; x_wconf 87' lang='lat' dir='ltr'>tamen</span> 
     </span>
    </p>

    <p class='ocr_par' dir='ltr' id='par_1_10' title="bbox 276 3131 1029 3807">
     <span class='ocr_line' id='line_1_31' title="bbox 276 3131 946 3209; baseline -0.004 -16"><span class='ocrx_word' id='word_1_160' title='bbox 276 3133 379 3193; x_wconf 87' lang='lat' dir='ltr'>Nobis</span> <span class='ocrx_word' id='word_1_161' title='bbox 401 3133 516 3191; x_wconf 86' lang='lat' dir='ltr'>amicus</span> <span class='ocrx_word' id='word_1_162' title='bbox 537 3152 646 3209; x_wconf 87' lang='lat' dir='ltr'>sospes</span> <span class='ocrx_word' id='word_1_163' title='bbox 667 3151 758 3205; x_wconf 85' lang='lat' dir='ltr'>unns,</span> <span class='ocrx_word' id='word_1_164' title='bbox 780 3131 946 3209; x_wconf 86' lang='lat' dir='ltr'>Drymniua</span> 
     </span>
     <span class='ocr_line' id='line_1_32' title="bbox 276 3216 978 3294; baseline -0.004 -17"><span class='ocrx_word' id='word_1_165' title='bbox 276 3219 363 3277; x_wconf 87' lang='lat' dir='ltr'>Deua</span> <span class='ocrx_word' id='word_1_166' title='bbox 385 3217 605 3278; x_wconf 82' lang='lat' dir='ltr'>Promontheus</span> <span class='ocrx_word' id='word_1_167' title='bbox 626 3219 773 3294; x_wconf 87' lang='lat' dir='ltr'>Aethiops</span> <span class='ocrx_word' id='word_1_168' title='bbox 796 3216 978 3294; x_wconf 87' lang='lat' dir='ltr'>Gyrapsiua,</span> 
     </span>
     <span class='ocr_line' id='line_1_33' title="bbox 277 3301 938 3384; baseline -0.006 -22"><span class='ocrx_word' id='word_1_169' title='bbox 277 3303 338 3378; x_wconf 83' lang='lat' dir='ltr'>Qui</span> <span class='ocrx_word' id='word_1_170' title='bbox 357 3303 514 3362; x_wconf 87' lang='lat' dir='ltr'>bitientem</span> <span class='ocrx_word' id='word_1_171' title='bbox 537 3303 656 3384; x_wconf 88' lang='lat' dir='ltr'>quando</span> <span class='ocrx_word' id='word_1_172' title='bbox 674 3305 832 3362; x_wconf 85' lang='lat' dir='ltr'>Mutunum</span> <span class='ocrx_word' id='word_1_173' title='bbox 853 3301 938 3359; x_wconf 89' lang='lat' dir='ltr'>atriis</span> 
     </span>
     <span class='ocr_line' id='line_1_34' title="bbox 277 3387 983 3464; baseline -0.007 -16"><span class='ocrx_word' id='word_1_174' title='bbox 277 3387 446 3448; x_wconf 85' lang='lat' dir='ltr'>Nocentem</span> <span class='ocrx_word' id='word_1_175' title='bbox 465 3407 567 3446; x_wconf 86' lang='lat' dir='ltr'>amare</span> <span class='ocrx_word' id='word_1_176' title='bbox 590 3389 686 3464; x_wconf 82' lang='lat' dir='ltr'>pestis</span> <span class='ocrx_word' id='word_1_177' title='bbox 707 3388 866 3448; x_wconf 88' lang='lat' dir='ltr'>admittent</span> <span class='ocrx_word' id='word_1_178' title='bbox 886 3405 983 3458; x_wconf 90' lang='lat' dir='ltr'>reum,</span> 
     </span>
     <span class='ocr_line' id='line_1_35' title="bbox 276 3471 1029 3550; baseline -0.004 -18"><span class='ocrx_word' id='word_1_179' title='bbox 276 3475 318 3533; x_wconf 82' lang='lat' dir='ltr'>Et</span> <span class='ocrx_word' id='word_1_180' title='bbox 338 3492 416 3549; x_wconf 86' lang='lat' dir='ltr'>quos</span> <span class='ocrx_word' id='word_1_181' title='bbox 439 3475 559 3547; x_wconf 84' lang='lat' dir='ltr'>acerba,</span> <span class='ocrx_word' id='word_1_182' title='bbox 581 3493 716 3550; x_wconf 88' lang='lat' dir='ltr'>quosque</span> <span class='ocrx_word' id='word_1_183' title='bbox 738 3493 839 3534; x_wconf 86' lang='lat' dir='ltr'>rarum</span> <span class='ocrx_word' id='word_1_184' title='bbox 859 3471 1029 3548; x_wconf 86' lang='lat' dir='ltr'>asperrima</span> 
     </span>
     <span class='ocr_line' id='line_1_36' title="bbox 276 3558 925 3636; baseline -0.008 -18"><span class='ocrx_word' id='word_1_185' title='bbox 276 3561 415 3631; x_wconf 88' lang='lat' dir='ltr'>Manent,</span> <span class='ocrx_word' id='word_1_186' title='bbox 439 3559 518 3636; x_wconf 87' lang='lat' dir='ltr'>dape</span> <span class='ocrx_word' id='word_1_187' title='bbox 543 3567 632 3634; x_wconf 85' lang='lat' dir='ltr'>atque</span> <span class='ocrx_word' id='word_1_188' title='bbox 651 3559 759 3617; x_wconf 85' lang='lat' dir='ltr'>inferio</span> <span class='ocrx_word' id='word_1_189' title='bbox 782 3558 925 3617; x_wconf 88' lang='lat' dir='ltr'>libamine</span> 
     </span>
     <span class='ocr_line' id='line_1_37' title="bbox 276 3641 946 3719; baseline -0.006 -15"><span class='ocrx_word' id='word_1_190' title='bbox 276 3646 412 3704; x_wconf 86' lang='lat' dir='ltr'>Mactare</span> <span class='ocrx_word' id='word_1_191' title='bbox 433 3645 622 3703; x_wconf 87' lang='lat' dir='ltr'>conabuntur</span> <span class='ocrx_word' id='word_1_192' title='bbox 638 3645 784 3703; x_wconf 87' lang='lat' dir='ltr'>immitem</span> <span class='ocrx_word' id='word_1_193' title='bbox 803 3641 946 3719; x_wconf 78' lang='lat' dir='ltr'>Oropum.</span> 
     </span>
     <span class='ocr_line' id='line_1_38' title="bbox 277 3728 929 3807; baseline -0.006 -17"><span class='ocrx_word' id='word_1_194' title='bbox 277 3729 410 3790; x_wconf 85' lang='lat' dir='ltr'>Gravem</span> <span class='ocrx_word' id='word_1_195' title='bbox 430 3729 589 3788; x_wconf 90' lang='lat' dir='ltr'>tumultum</span> <span class='ocrx_word' id='word_1_196' title='bbox 613 3738 708 3807; x_wconf 88' lang='lat' dir='ltr'>ponet</span> <span class='ocrx_word' id='word_1_197' title='bbox 728 3730 760 3786; x_wconf 91' lang='lat' dir='ltr'>in</span> <span class='ocrx_word' id='word_1_198' title='bbox 779 3728 929 3787; x_wconf 86' lang='lat' dir='ltr'>convivio.</span> 
     </span>
    </p>
   </div>
   <div class='ocr_carea' id='block_1_7' title="bbox 0 0 1542 4492">
    <p class='ocr_par' dir='ltr' id='par_1_11' title="bbox 0 0 1542 4492">
     <span class='ocr_line' id='line_1_39' title="bbox 0 0 1542 4492; baseline 0 0"><span class='ocrx_word' id='word_1_199' title='bbox 0 0 1542 4492; x_wconf 95' lang='lat' dir='ltr'> </span> 
     </span>
    </p>
   </div>
  </div>
 </body>
</html>
