3059 4492
762 455 804 515 68

328 624 535 701 Omniparens
555 623 683 697 eaelum,
702 624 845 698 caeloque
868 624 1021 700 adscripta
1042 633 1197 700 potentum

326 708 465 768 Faedera
483 709 625 781 fatorum,
644 709 785 768 iuvenem
805 710 981 786 contingere
1000 710 1091 782 vitae,

328 794 414 870 Quas
437 793 684 866 Telamoniades,
707 803 896 868 matrumque
919 795 1040 852 orbator
1059 796 1195 856 Achilles

328 877 524 955 Contigerant
545 887 652 951 metas,
673 897 725 937 our
742 877 906 951 invidistis,
928 887 962 936 ut
978 880 1066 938 annis

326 963 461 1022 Heroum
482 964 571 1035 vitas,
591 963 701 1022 animis
723 971 868 1038 aequaret
889 964 1044 1023 honores?

326 1050 397 1107 Heu
419 1041 591 1108 miserande
611 1067 698 1124 puer,
718 1057 751 1106 tu
770 1065 850 1105 nuno
869 1048 967 1123 primo
990 1050 1103 1108 occidis
1123 1069 1215 1112 aevot

328 1134 463 1206 Occidis,
489 1141 519 1190 et
538 1133 672 1190 iuvenile
690 1133 782 1191 decus
804 1131 887 1191 Mars
906 1133 1018 1209 impius
1041 1135 1152 1209 hausit,

327 1218 437 1292 Qualia
457 1219 556 1294 prima
573 1237 651 1276 novo
673 1217 813 1276 canentia
832 1217 908 1275 flore
930 1218 1058 1295 ligustra

239 1289 248 1308 ⁸
325 1304 449 1363 Decutit
470 1303 585 1374 efflatu,
606 1297 659 1376 qui
683 1302 928 1374 deeutitomnia,
950 1311 1067 1362 ventus,

326 1390 376 1448 Ah
396 1387 516 1464 qualem
538 1387 651 1444 luctum
670 1387 785 1463 linquis
808 1386 955 1462 matrique
972 1389 1119 1465 patrique,

326 1477 425 1547 Atque
447 1472 524 1531 tuis!
554 1472 643 1530 matri
662 1480 732 1530 ante
752 1473 843 1543 alios,
866 1490 944 1546 quae
963 1480 1036 1531 vota
1053 1492 1219 1550 precesque

327 1557 551 1633 conduplicare
573 1558 733 1615 sublimem
752 1557 785 1615 in
807 1575 883 1632 equo
903 1565 933 1614 et
945 1557 1130 1635 fulgentibus
1145 1561 1239 1620 armis

326 1643 454 1701 Miserat
475 1643 506 1699 in
527 1641 650 1714 bellum,
672 1661 729 1700 nee
749 1642 843 1700 talem
867 1650 984 1700 moesta
999 1644 1153 1720 recepit[,]

327 1726 390 1788 Sed
410 1727 530 1804 gelidos
550 1734 645 1799 artus,
667 1727 817 1786 sedunus
839 1725 932 1785 fatale
950 1727 1072 1785 feretri.¹

324 1812 419 1872 Parte
440 1812 503 1869 alia
520 1811 612 1869 nullis
635 1812 802 1870 novitatum
826 1811 971 1870 exterrita
990 1813 1132 1873 monstris

327 1895 465 1973 Simplex
488 1897 644 1969 nobilitas,
663 1904 700 1954 et
722 1897 826 1954 nescia
847 1897 944 1974 pestis
966 1897 1085 1970 Iberse,

325 1982 499 2041 Extinctum
519 1982 633 2059 lugent,
657 1981 817 2057 versisque
837 1981 1009 2057 insignibus
1035 2001 1139 2041 omnes

326 2068 494 2126 Funeream
515 2068 627 2125 ducunt
646 2085 801 2143 pompam,
826 2076 856 2124 et
876 2067 1041 2142 funguntur
1061 2068 1145 2126 inani

330 2153 448 2213 Officio.
468 2160 500 2209 tu
519 2171 579 2210 non
598 2152 711 2229 gemitu
732 2149 915 2225 revocabilis
939 2151 1002 2210 ullo

327 2235 642 2308 Consiliis‘Heroum,
664 2245 693 2295 et
713 2237 850 2296 coetibus
872 2237 985 2294 interes
1004 2235 1077 2308 illis,

261 2389 263 2399 Ι
324 2322 414 2398 -Quos
435 2321 565 2380 discreta
583 2330 705 2379 tuentur
729 2323 767 2379 ab
789 2321 872 2380 omni
891 2320 998 2379 limine
1017 2320 1115 2398 vulgo,

325 2407 458 2479 Limina,
480 2425 558 2480 quae
579 2406 641 2465 nisi
660 2407 789 2464 victores
804 2407 947 2465 insistere
968 2406 1015 2464 las
1038 2413 1095 2478 est,

327 2490 473 2568 Quosque
491 2490 666 2568 triumphali
687 2491 800 2550 velavit
817 2492 922 2549 laurea
939 2490 1055 2563 froude,

327 2579 388 2634 Aut
408 2576 516 2650 quibus
537 2577 672 2634 illustres
695 2577 846 2640 umbravit
868 2576 963 2634 civica
988 2575 1097 2635 vultus.

326 2660 388 2719 Hie
408 2661 463 2718 tibi
483 2679 545 2718 non
565 2678 662 2735 aequo
684 2679 779 2736 passu
800 2660 913 2735 templa
931 2659 985 2718 illa
1007 2662 1122 2737 petenti

328 2745 445 2805 Obvius
465 2763 627 2804 occurrens
648 2744 757 2820 aliquis
782 2745 928 2821 degente
949 2745 1084 2806 Deorum
1110 2808 1112 2814 ¹
1209 2797 1211 2802 .

277 2817 284 2830 ⁸
328 2829 373 2888 Te
395 2838 496 2888 coetus
517 2829 661 2906 trahitin
680 2830 798 2888 medios
818 2849 1037 2906 procerumque
1058 2830 1235 2905 ducumque,

316 2915 510 2974 ·Franeorum
527 2933 681 2989 procerum
700 2923 790 2989 atque
805 2915 923 2988 dueum,
935 2916 988 2991 qui
1004 2915 1133 2974 fortibus
1151 2915 1235 2973 ausis

326 3000 419 3057 Parta
439 3007 633 3075 reportarunt
652 2999 740 3058 toties
761 3018 802 3056 ex
823 3000 908 3058 hoste
930 3001 1086 3077 trophaea.

327 3085 392 3145 Olli
412 3085 549 3143 sidereos
570 3085 682 3157 vultus,
705 3092 735 3142 et
756 3085 865 3143 frontis
885 3086 1034 3144 honestae

327 3171 473 3228 Mirantes
493 3169 614 3227 eulmen
635 3187 825 3247 generosum,
848 3177 877 3227 et
897 3172 1031 3228 membra
1050 3169 1162 3228 deeora

325 3254 454 3331 Expleri
473 3263 625 3330 nequeunt
646 3254 790 3326 animum,
812 3273 1023 3331 memoresque
1041 3253 1181 3312 iuventae

326 3338 424 3412 Flent,
445 3349 536 3415 atque
557 3340 720 3398 extinctum
741 3339 805 3397 fato
828 3341 1010 3399 miserantur
1030 3341 1150 3398 aoerbo.

327 3422 403 3483 Onm
424 3443 497 3482 vero
519 3425 638 3502 palmas
661 3432 830 3496 numerant,
852 3434 883 3483 et
904 3424 996 3484 fortia
1015 3425 1106 3494 faeta,

327 3509 413 3566 Tune
431 3509 531 3568 iustae
553 3511 678 3568 eredunt
698 3527 839 3582 numeros
868 3509 1011 3585 explesse
1037 3515 1187 3568 senectae.

327 3593 414 3652 Tune
432 3594 545 3651 laetum
561 3595 685 3652 Paeana
705 3602 824 3652 canunt.
852 3602 922 3651 tune
947 3593 1069 3652 vooibus
1088 3593 1194 3652 aether

326 3680 446 3752 Fervet,
466 3684 497 3735 et
519 3678 637 3739 alterno
655 3679 757 3737 fremit
776 3679 884 3755 ingens
905 3677 989 3755 regia
1007 3677 1127 3754 plausu.
