3059 4492
171 544 174 629 l

615 517 763 612 A

275 686 421 760 eloquiis,
443 685 545 744 auimo
567 704 644 760 quae
665 688 788 748 sitiente
804 687 898 746 bibis:

239 771 386 832 curfelix
407 789 525 828 meeum
545 790 615 830 esse
639 773 737 850 cupis,
760 772 937 850 Chrysaee?
958 771 1030 848 quid
1051 775 1129 834 ultra

275 857 341 932 Quo
363 856 441 912 eaeli
461 864 568 933 tangas
594 857 695 915 sidera
717 877 845 931 summa,
866 857 970 934 petis?

237 943 288 1003 Ille
309 949 394 998 tenet
414 935 544 1013 eaelum,
565 943 613 1000 eni
633 951 791 1018 praestant
814 942 897 1000 mille
918 943 1039 1020 puellae

274 1027 358 1085 Mille
378 1025 475 1099 Deae,
496 1045 574 1086 unus
601 1025 752 1087 Scaevola
773 1028 855 1086 mille
876 1028 969 1087 Deos.

239 1199 263 1256 6.
306 1200 345 1254 In
370 1196 450 1254 Petri
479 1195 614 1254 Lauaaei
632 1198 742 1275 ,librum
764 1195 909 1254 Gallinam
930 1199 965 1254 de
985 1197 1142 1277 Prodipit's.

237 1281 304 1340 Non
324 1282 418 1358 igitur
441 1277 559 1337 Natura
581 1289 694 1357 potest,
716 1283 870 1351 Lauuaeo,
890 1281 994 1340 iubere

275 1365 346 1427 Sola
369 1365 459 1424 novis
477 1365 583 1422 mnam
604 1367 695 1424 rebus
717 1367 828 1424 adesse
850 1366 954 1424 fidem:

238 1450 484 1526 Quandoquidem
505 1470 566 1508 una
584 1452 668 1509 novis
691 1452 781 1509 audet
803 1469 837 1509 se
854 1451 963 1509 tollere
983 1452 1106 1530 linguae

171 1552 172 1555 ’
273 1537 442 1607 Laudibus,
463 1534 575 1612 eloquii
593 1535 655 1592 fida
676 1537 815 1594 ministra
836 1536 889 1592 tui.

238 1621 354 1698 Quippe
376 1621 526 1678 immensa
548 1639 672 1692 eaueus,
695 1621 891 1695 mirandaque
906 1620 1142 1681 foederarerum

273 1705 346 1765 Nou
369 1706 468 1780 potuit
485 1705 561 1762 tanti
582 1713 669 1781 parte
689 1725 792 1763 carere
814 1705 880 1763 loci.

238 1791 318 1866 Quae
341 1792 368 1849 si
389 1797 502 1864 quanta
524 1791 615 1861 eauit,
638 1798 685 1854 tot
708 1781 800 1849 liabet
821 1790 966 1848 miracula
988 1791 1082 1865 votis,

272 1878 312 1934 Et
334 1884 381 1935 tot
403 1877 555 1934 honorata
572 1876 702 1951 pignora
722 1876 812 1933 laude
835 1876 928 1950 capit:

237 1959 360 2020 Caetera
384 1968 513 2035 quantus
533 1961 633 2018 honos
656 1960 792 2018 Naturae
814 1961 891 2018 mira
910 1959 1046 2035 parentis

276 2045 377 2123 Supra
398 2043 535 2103 Naturae
555 2065 680 2103 munera
702 2065 796 2122 posse
818 2045 919 2120 loqui?

277 2199 285 2211 .
383 2141 462 2189 Anno
486 2139 558 2190 1571.

398 2296 426 2353 7.
472 2296 518 2352 De
537 2298 653 2371 seriptis
673 2299 718 2352 Io.
738 2295 874 2352 Boieaelb‘
893 2296 921 2351 I.
949 2293 978 2351 0.

236 2378 338 2440 Oiviea
360 2399 452 2455 saepe
475 2399 583 2457 gerens
608 2380 706 2438 dubiis
730 2399 785 2455 pro
806 2379 909 2436 litibus
932 2395 1016 2436 arma

273 2466 429 2524 Pictonieo
450 2465 578 2524 obtinuit
597 2466 734 2542 praemia
754 2483 873 2523 summa
892 2464 972 2523 foro:

234 2552 271 2609 Et
291 2570 372 2608 nune
394 2551 475 2610 idem
496 2550 573 2608 alias
595 2570 688 2627 porro
711 2568 876 2608 conversus
899 2550 937 2607 ad
960 2556 1040 2608 artes

274 2635 387 2698 Scribit
409 2654 487 2710 quae
510 2638 624 2710 passim
642 2634 746 2694 Gallia
762 2642 825 2692 tota
844 2634 953 2711 legat:-

235 2725 272 2778 lt
296 2740 450 2800 uunquam
473 2738 611 2793 cessans,
632 2729 662 2777 et
683 2720 845 2778 adomnia
867 2738 977 2796 magna
997 2725 1121 2794 paratus

273 2806 445 2864 Boissellus
467 2805 597 2883 patriam
616 2824 690 2867 roeo
711 2804 856 2878 librisque
878 2805 969 2864 iuvat.

236 2889 293 2951 Sed
315 2899 432 2948 tantum
452 2891 519 2948 voei
538 2892 735 2967 praestabunt
757 2889 869 2963 scripta
891 2891 1032 2961 disertae,

274 2976 429 3051 Quantum
449 2975 605 3033 Pietouieo
629 2974 732 3035 Gallia
752 2983 818 3032 tota
840 2975 916 3034 foro.

235 3146 262 3204 8.
291 3149 329 3204 In
352 3145 503 3221 Spectmen
521 3148 726 3204 vetustissimae
751 3143 891 3202 Getarum
910 3143 1044 3218 Liapaae
1064 3144 1142 3202 Bora

561 3231 700 3288 Volcente
725 3231 841 3286 mttere.

234 3312 320 3373 Naso
341 3314 521 3372 Tomitanae
543 3315 647 3372 didicit
667 3322 752 3372 vetus
776 3311 877 3370 incola
898 3320 997 3369 terrae

206 3446 211 3453 .
273 3399 412 3457 Barbara
431 3400 582 3458 Romanis
604 3410 724 3461 nectere
748 3399 841 3456 verba
861 3395 967 3454 modia.

236 3485 274 3540 At
294 3493 326 3542 tu
348 3486 493 3545 docturos
510 3493 630 3562 gentem
646 3504 712 3552 ,sna
733 3484 826 3542 verba
845 3481 995 3552 Latinam,

275 3569 416 3642 Vulcani,
437 3570 537 3647 gelido
556 3570 669 3646 promis
691 3571 729 3627 ab
751 3585 811 3626 axe
835 3565 940 3625 Getas.

238 3651 390 3734 Contingit
410 3663 530 3729 nostro,
550 3655 630 3730 quod
648 3654 724 3712 nulli
747 3651 874 3728 contigit
892 3669 978 3722 aevo,

275 3739 400 3799 Vertere
416 3737 620 3817 Hyperboreo
640 3739 720 3798 dieta
739 3737 849 3797 Latina
871 3755 955 3878 sopp.
