3059 4492
162 607 163 658 ί

162 661 164 698 ι

633 491 784 586 ...1Ξὶ-

250 653 395 719 Κλαίειύ
420 654 564 738 νικηθεὶς,
588 654 604 717 ύ
628 657 663 720 δὲ
684 657 810 740 νικήσας
830 655 1006 719 ἀπόλωλεν.

250 737 387 846 Κγυπέας
408 738 477 843 ἄνδρ’
500 739 604 846 όφλων
627 742 678 805 καὶ
695 743 767 844 νιβα
788 741 972 888 βλλάξαντο.

250 824 374 909 Λυχνου
395 845 503 970 χροιάν
521 845 604 908 εχων
625 825 742 911 ἐπιχειν
769 851 791 908 μ
809 847 907 908 μνησο
933 824 1047 888 ἔλαιον.

251 906 380 972 Μᾶλλον
420 910 465 990 γιδ
489 908 631 994 βραδυνῶ
656 910 798 974 σπεύδων
810 909 888 994 ταχὺ
907 911 1005 973 πάντα
1019 909 1163 973 διελθεῖν.

251 991 393 1076 Μάρπτει
415 993 449 1055 δ’
464 993 569 1075 Ιἑξείης
591 994 660 1058 ὅστ’
683 994 788 1069 οιίτιος,
809 995 879 1057 ύστε
902 995 953 1057 καὶ
975 995 1053 1056 ούκί.

251 1076 365 1162 Μέτριρ
387 1078 471 1160 ὕδωρ
492 1078 640 1155 πίνουσιν,
662 1079 804 1162 ἀμέτρως
828 1080 926 1160 μάζαν
950 1077 1066 1157 ἔδουσι.

251 1160 304 1246 Μὴ
325 1163 402 1226 κίνει
424 1159 618 1248 Καμαρῖναν,
641 1165 783 1247 ἀκίνητος
802 1163 860 1246 γὰρ
880 1163 1026 1246 ἀμείνων.

251 1247 304 1333 Μὴ
328 1251 410 1330 μαιῶ
435 1249 585 1329 μαλακόν,
610 1249 650 1331 μὴ
671 1249 787 1332 καὶτῷ
810 1249 934 1332 σκληρῷ
958 1248 1103 1332 ἀπανιῇς.

250 1333 303 1419 Μή
327 1355 403 1396 ποτε
425 1331 619 1396 δουλεύσασα
641 1333 716 1415 γυνὴ
737 1332 884 1395 δέσποινα
901 1331 1031 1414 γένοιτο.

251 1419 303 1502 Μὴ
326 1416 443 1500 τέφραν
466 1416 589 1498 φεύγων
612 1418 656 1487 είς
675 1417 843 1564 ἀνβρακιάν
865 1417 1064 1499 περιπίπτοις.

250 1501 339 1588 Μήτε
362 1501 447 1584 δίκην
471 1501 608 1584 δικάσης,
630 1503 697 1585 πρὶν
743 1525 757 1563 ν
775 1504 891 1585 ἀμφοῖν
905 1501 1002 1584 μύδον
1017 1500 1163 1585 ἀκούσῃς.

251 1588 373 1654 Μισδδς
396 1586 425 1647 δ’
449 1585 535 1670 ἀνδρὶ
561 1587 643 1671 φιλιρ
661 1586 824 1671 εἰρημένος
842 1585 948 1668 ἀρκιος
969 1583 1058 1648 ἔστω.

251 1671 382 1756 Μωρδς,“
403 1669 437 1739 δς
459 1671 525 1733 τῖλε
546 1671 579 1734 τό
599 1675 715 1756 χεῖρον,
742 1670 949 1754 ἀμεινοτέρων
972 1669 1163 1755 παρεόντων.

251 1755 337 1824 Ναδς
361 1753 396 1818 δέ
415 1775 458 1821 τις
482 1753 643 1839 ἀκύπορος
664 1755 711 1819 Σα
737 1757 768 1818 ία
790 1757 844 1823 ύδς
866 1753 949 1822 εἶδος
972 1752 1100 1838 ἔχουσα.

252 1839 364 1926 Νεβρὲ,
384 1843 483 1924 κρεῶν
506 1840 547 1921 μὴ
570 1844 679 1924 μοῖραν
701 1844 773 1904 ελευ
797 1839 956 1902 κατέναντι
975 1839 1108 1908 λέοντος.

252 1926 374 2010 Νεκροό
396 1928 485 2007 σῶμα
506 1923 630 1994 λέοντος
654 1925 853 2011 ἐφυβρίζουσι
873 1924 1001 2005 λαγωοί.

252 2009 378 2091 Νεῦμαί
398 2031 448 2071 σοι
469 2013 522 2070 νει]
549 2031 580 2071 ιιι
602 2009 764 2087 ἐνιαύσιος,
788 2011 869 2071 ὥστε
890 2009 1035 2093 χελιδών.

252 2094 381 2179 Νήπιος,
402 2093 435 2161 δς
454 2033 574 2176 πατέρα
597 2095 725 2172 κτείνας,
746 2095 860 2160 παῖδας
880 2092 1068 2155 καταλείπει.

252 2177 382 2263 Νήπιος,
403 2177 437 2246 ὃς
458 2177 495 2240 τὰ
517 2175 626 2262 ἕτοιμα
647 2181 754 2255 λιπὼν,
780 2177 927 2260 ἀνέτοιμα
950 2177 1067 2240 διώκει.

247 2261 285 2329 Ὃ
308 2261 390 2330 Ζεὺς
411 2262 530 2325 ἀλλοκα
554 2265 608 2346 μὲν
630 2263 719 2327 πέλει
742 2261 871 2348 αἴθριος,
891 2261 1011 2324 ἀλλοκα
1035 2260 1066 2323 δ’
1087 2263 1144 2325 ἀει.

158 2353 159 2402 3
253 2345 290 2413 Οἱ
310 2347 396 2431 α’ύτιγῑ
420 2345 501 2409 κακὰ
521 2349 625 2432 τεύχει
648 2349 736 2432 ἀνὴρ,
763 2348 850 2432 ἀλλιρ
871 2345 952 2409 κακὰ
973 2347 1103 2430 τεύχων.

253 2429 291 2497 Οἳ
311 2432 435 2494 πίνουσι
457 2430 549 2514 μόνον
574 2433 737 2518 βατράχων
759 2432 884 2516 τρόπον,
907 2431 999 2493 οὐδὲν
1018 2429 1149 2499 ἔδοντες.

253 2514 344 2584 Οίνος
366 2517 418 2578 καὶ
440 2516 627 2599 φρονέοντας
648 2517 678 2585 ἐς
701 2517 880 2602 ἀφροσύνην
903 2516 1082 2599 ἀναβάλλει.

253 2598 343 2669 Οἶνός
365 2623 413 2663 τοι
431 2601 567 2685 χαρίεντι
585 2601 674 2664 πέλει
696 2601 793 2686 ταχὺς
813 2601 904 2667 ἵππος
927 2601 1034 2684 ἀοιδῷ.
1177 2599 1180 2607 ’

245 2681 350 2754 Ὅστις
370 2683 545 2768 Ἀθηναίων
568 2687 695 2768 ἀγυιδδς,
714 2669 827 2770 σφύδρ>
849 2685 911 2751 ἐστὶ
932 2689 1080 2752 τοιοῦτος.

244 2765 342 2849 ο0,ττι
364 2771 458 2833 καλόν
474 2771 563 2855 φίλον
579 2771 656 2833 ἐστὶ·
676 2773 710 2835 τδ
724 2772 755 2833 δ’
772 2771 809 2833 ού
825 2771 919 2834 καλὸν
934 2769 970 2831 ού
984 2769 1073 2852 φίλον
1089 2769 1161 2833 ἐστί.

252 2853 296 2920 Ού
318 2849 379 2937 γὰρ
399 2855 521 2918 πώποτ’
535 2855 612 2939 ἐμὰς
626 2857 699 2942 βοῦς
711 2855 843 2939 ἤλασαν,
862 2853 936 2918 ούδέ
949 2852 1026 2916 ποθ’
1041 2853 1161 2924 ίπποος.

252 2937 297 3005 Ού
322 2940 358 3002 δὲ
378 2940 462 3002 κύιυν
486 2939 522 3003 ἂν
546 2944 748 3025 σκυτοφαγεῖν
773 2939 924 3002 παύσαιτο
948 2937 1103 3022 μαδοῦσα.

251 3023 297 3090 Ού
318 3025 354 3086 δὲ
377 3023 575 3106 Συρακοσίων
600 3025 729 3107 δεκάτην
752 3022 912 3108 κολοφιῖιν>
936 3021 1097 3105 ἐπέθηκεν.

251 3107 297 3174 Ού
322 3107 456 3191 δύναμαι
474 3109 526 3172 τάν
546 3109 617 3193 αἶγα
640 3108 758 3195 φέρειν·
783 3109 818 3171 σδ
840 3109 875 3171 δὲ
888 3109 962 3194 βοῦν
977 3108 1161 3191 ἐπιβάλλεις.

250 3191 297 3259 Ob
321 3191 426 3276 μέντοι
446 3194 531 3278 παρὰ
549 3195 656 3278 κωφὸν
680 3193 696 3257 ὁ
717 3194 833 3278 τυφλὸς
855 3191 937 3257 ἔοικε
961 3193 1104 3273 λαλῆσαι.

251 3276 352 3343 Οὐδὲν
376 3278 409 3340 ἐν
430 3278 606 3363 ἀνθρώποις
626 3280 953 3363 ἀπεραντολογιύτερον
977 3274 1097 3359 ἀνδρός.

251 3360 318 3428 Ούκ
339 3361 375 3425 ἀν
397 3364 539 3446 ποιήσαις
558 3366 591 3428 τδ
613 3363 794 3448 τετυγμένον
815 3362 893 3426 εἶναι
917 3362 1054 3426 ἀτυκτον.

251 3445 318 3512 Ούκ
340 3445 386 3510 ἔτι
405 3450 604 3529 γινώσκουσιν
624 3447 789 3531 Ἀθηναῖοι
808 3445 986 3532 Μεγαρῆας.

251 3529 317 3596 Οὐκ
338 3531 432 3638 ἐχρῆν
457 3532 545 3617 ἰχδδν
566 3533 771 3616 ἀποκείμενον
794 3531 837 3598 εἰς
859 3531 952 3613 μέσον
975 3531 1084 3594 ἕλκειν.

251 3612 321 3700 Ούχ
343 3639 425 3679 ουτω
447 3618 519 3703 πυρὶ
538 3622 609 3702 πῦρ,
629 3618 680 3680 καὶ
703 3616 787 3700 σύκῳ
808 3619 900 3678 σῦκον
921 3615 1040 3700 όμοιον.

251 3697 332 3787 Ούχλ
354 3700 453 3784 λόγων
475 3702 573 3786 ἀγορὰ
595 3699 854 3776 δεῖθ’Ἓλλάδος,
879 3701 961 3764 ἀλλά
980 3723 1029 3764 τοι
1050 3698 1159 3786 ἔργων.
